day;timestamp;product;bid_price_1;bid_volume_1;bid_price_2;bid_volume_2;bid_price_3;bid_volume_3;ask_price_1;ask_volume_1;ask_price_2;ask_volume_2;ask_price_3;ask_volume_3;mid_price;profit_and_loss
1;0;AMETHYSTS;9998;3;9996;1;9995;21;10004;1;10005;21;;;10001.0;0.0
1;0;ORCHIDS;1094;10;1093;3;1086;41;1102;10;1104;3;1111;41;1098.0;0.0
1;0;STARFRUIT;5048;1;5047;22;;;5054;22;;;;;5051.0;0.0
1;100;STARFRUIT;5047;26;;;;;5052;5;5054;26;;;5049.5;0.0
1;100;ORCHIDS;1094;6;1093;2;1087;51;1102;6;1103;2;1110;51;1098.0;43536.203125
1;100;AMETHYSTS;9995;26;;;;;9998;1;10005;26;;;9996.5;0.0
1;200;AMETHYSTS;9996;2;9995;30;;;9998;1;10004;2;10005;30;9997.0;2.0
1;200;ORCHIDS;1093;6;1092;3;1085;49;1101;6;1102;3;1108;49;1097.0;97942.90625
1;200;STARFRUIT;5053;1;5048;2;5047;30;5054;32;;;;;5053.5;0.0
1;300;AMETHYSTS;9996;1;9995;27;;;9998;1;10004;1;10005;27;9997.0;4.0
1;300;STARFRUIT;5047;27;;;;;5054;28;;;;;5050.5;0.0
1;300;ORCHIDS;1093;10;1092;4;1085;52;1101;10;1102;4;1109;52;1097.0;96858.0078125
1;400;AMETHYSTS;9995;25;;;;;10005;25;;;;;10000.0;6.0
1;400;ORCHIDS;1093;10;1092;3;1086;51;1101;10;1102;3;1109;51;1097.0;95773.0078125
1;400;STARFRUIT;5048;5;5047;25;;;5054;25;;;;;5051.0;0.0
1;500;STARFRUIT;5048;22;;;;;5055;22;;;;;5051.5;0.0
1;500;ORCHIDS;1094;5;1093;4;1086;41;1102;5;1103;4;1109;41;1098.0;94687.40625
1;500;AMETHYSTS;9995;22;;;;;10005;22;;;;;10000.0;6.0
1;600;AMETHYSTS;9995;25;;;;;10005;25;;;;;10000.0;6.0
1;600;ORCHIDS;1093;10;1092;3;1086;49;1101;10;1102;3;1109;49;1097.0;93602.2109375
1;600;STARFRUIT;5048;25;;;;;5053;2;5055;25;;;5050.5;0.0
1;700;AMETHYSTS;9995;23;;;;;9998;9;10005;23;;;9996.5;6.0
1;700;STARFRUIT;5049;5;5048;23;;;5055;23;;;;;5052.0;0.0
1;700;ORCHIDS;1093;6;1092;5;1086;41;1101;6;1102;5;1109;41;1097.0;92516.9140625
1;800;AMETHYSTS;9996;1;9995;27;;;10004;1;10005;27;;;10000.0;24.0
1;800;ORCHIDS;1093;10;1092;3;1085;47;1101;10;1102;3;1108;47;1097.0;91432.015625
1;800;STARFRUIT;5048;28;;;;;5055;28;;;;;5051.5;0.0
1;900;STARFRUIT;5048;21;;;;;5055;21;;;;;5051.5;0.0
1;900;ORCHIDS;1093;10;1092;5;1086;45;1101;10;1102;5;1109;45;1097.0;90346.515625
1;900;AMETHYSTS;9995;21;;;;;10005;21;;;;;10000.0;24.0
1;1000;ORCHIDS;1094;8;1092;3;1086;54;1101;8;1103;3;1109;54;1097.5;89260.4140625
1;1000;STARFRUIT;5049;2;5048;28;;;5055;30;;;;;5052.0;0.0
1;1000;AMETHYSTS;10002;2;9996;2;9995;28;10004;2;10005;28;;;10003.0;24.0
1;1100;AMETHYSTS;9996;2;9995;28;;;10004;2;10005;28;;;10000.0;24.0
1;1100;STARFRUIT;5049;30;;;;;5055;2;5056;28;;;5052.0;0.0
1;1100;ORCHIDS;1092;10;1091;3;1085;57;1100;10;1101;3;1108;57;1096.0;88175.71875
1;1200;ORCHIDS;1094;9;1093;5;1087;49;1102;9;1103;5;1110;49;1098.0;87088.921875
1;1200;STARFRUIT;5050;1;5049;28;;;5056;29;;;;;5053.0;0.0
1;1200;AMETHYSTS;9996;1;9995;28;;;10004;1;10005;28;;;10000.0;24.0
1;1300;STARFRUIT;5050;23;;;;;5057;23;;;;;5053.5;0.0
1;1300;ORCHIDS;1094;6;1093;4;1086;39;1102;6;1103;4;1109;39;1098.0;86002.5234375
1;1300;AMETHYSTS;9995;23;;;;;9998;1;10002;7;10005;23;9996.5;24.0
1;1400;ORCHIDS;1095;5;1094;4;1087;45;1103;5;1104;4;1110;45;1099.0;84915.0234375
1;1400;STARFRUIT;5050;2;5049;24;;;5056;26;;;;;5053.0;0.0
1;1400;AMETHYSTS;9996;2;9995;24;;;10002;4;10004;2;10005;24;9999.0;26.0
1;1500;ORCHIDS;1094;9;1093;2;1086;54;1102;9;1103;2;1109;54;1098.0;83828.421875
1;1500;AMETHYSTS;9996;2;9995;29;;;10002;7;10004;2;10005;29;9999.0;26.0
1;1500;STARFRUIT;5049;30;;;;;5056;31;;;;;5052.5;0.0
1;1600;STARFRUIT;5049;24;;;;;5056;24;;;;;5052.5;0.0
1;1600;AMETHYSTS;9996;1;9995;23;;;10004;1;10005;23;;;10000.0;26.0
1;1600;ORCHIDS;1094;7;1093;2;1087;42;1102;7;1103;2;1110;42;1098.0;82741.2265625
1;1700;STARFRUIT;5049;24;;;;;5056;24;;;;;5052.5;0.0
1;1700;ORCHIDS;1095;8;1094;4;1087;50;1103;8;1104;4;1110;50;1099.0;81653.4296875
1;1700;AMETHYSTS;9995;24;;;;;10005;24;;;;;10000.0;26.0
1;1800;ORCHIDS;1095;6;1094;4;1087;49;1103;6;1104;4;1110;49;1099.0;80565.53125
1;1800;STARFRUIT;5048;30;;;;;5055;30;;;;;5051.5;0.0
1;1800;AMETHYSTS;9996;2;9995;28;;;10004;2;10005;28;;;10000.0;26.0
1;1900;ORCHIDS;1097;5;1096;4;1089;40;1105;5;1106;4;1112;40;1101.0;79475.53125
1;1900;AMETHYSTS;9998;8;9996;2;9995;24;10004;2;10005;24;;;10001.0;26.0
1;1900;STARFRUIT;5047;26;;;;;5054;26;;;;;5050.5;0.0
1;2000;STARFRUIT;5048;22;;;;;5053;1;5055;22;;;5050.5;0.0
1;2000;AMETHYSTS;9995;22;;;;;10005;22;;;;;10000.0;26.0
1;2000;ORCHIDS;1097;8;1096;2;1089;41;1105;8;1106;2;1112;41;1101.0;78385.4296875
1;2100;STARFRUIT;5048;25;;;;;5055;25;;;;;5051.5;0.0
1;2100;ORCHIDS;1097;7;1096;3;1089;48;1105;7;1106;3;1112;48;1101.0;77295.234375
1;2100;AMETHYSTS;9995;25;;;;;10005;25;;;;;10000.0;26.0
1;2200;ORCHIDS;1098;7;1097;2;1090;48;1106;7;1107;2;1113;48;1102.0;76203.9375
1;2200;STARFRUIT;5049;31;;;;;5055;2;5056;29;;;5052.0;0.0
1;2200;AMETHYSTS;9996;2;9995;29;;;10004;2;10005;29;;;10000.0;26.0
1;2300;ORCHIDS;1099;9;1098;4;1091;47;1107;9;1108;4;1114;47;1103.0;75111.5390625
1;2300;AMETHYSTS;9996;1;9995;20;;;10004;1;10005;20;;;10000.0;26.0
1;2300;STARFRUIT;5049;21;;;;;5056;21;;;;;5052.5;0.0
1;2400;STARFRUIT;5054;1;5050;3;5049;26;5055;1;5056;25;;;5054.5;0.0
1;2400;AMETHYSTS;10002;1;9996;1;9995;25;10004;1;10005;25;;;10003.0;26.0
1;2400;ORCHIDS;1099;10;1098;3;1091;51;1107;10;1108;3;1114;51;1103.0;74019.0390625
1;2500;STARFRUIT;5048;27;;;;;5055;27;;;;;5051.5;0.0
1;2500;ORCHIDS;1096;10;1095;3;1089;48;1104;10;1105;3;1112;48;1100.0;72928.9375
1;2500;AMETHYSTS;9995;27;;;;;10005;27;;;;;10000.0;26.0
1;2600;ORCHIDS;1094;6;1093;5;1087;36;1102;6;1103;5;1110;36;1098.0;71840.7421875
1;2600;STARFRUIT;5048;21;;;;;5055;21;;;;;5051.5;0.0
1;2600;AMETHYSTS;9996;1;9995;20;;;10004;1;10005;20;;;10000.0;26.0
1;2700;ORCHIDS;1095;8;1094;3;1087;48;1103;8;1104;3;1110;48;1099.0;70751.9453125
1;2700;AMETHYSTS;9996;2;9995;29;;;10004;2;10005;29;;;10000.0;26.0
1;2700;STARFRUIT;5054;1;5049;2;5048;31;5055;31;;;;;5054.5;0.0
1;2800;STARFRUIT;5050;5;5049;22;;;5056;22;;;;;5053.0;0.0
1;2800;AMETHYSTS;9995;22;;;;;10005;22;;;;;10000.0;26.0
1;2800;ORCHIDS;1096;8;1095;5;1088;42;1104;8;1105;5;1111;42;1100.0;69662.046875
1;2900;STARFRUIT;5049;22;;;;;5056;22;;;;;5052.5;0.0
1;2900;ORCHIDS;1098;10;1097;4;1090;47;1106;10;1107;4;1113;47;1102.0;68570.046875
1;2900;AMETHYSTS;9996;1;9995;21;;;10002;6;10004;1;10005;21;9999.0;26.0
1;3000;ORCHIDS;1098;10;1097;5;1091;48;1106;10;1107;5;1114;48;1102.0;67477.4453125
1;3000;STARFRUIT;5049;28;;;;;5056;28;;;;;5052.5;0.0
1;3000;AMETHYSTS;9996;1;9995;27;;;10004;1;10005;27;;;10000.0;26.0
1;3100;AMETHYSTS;9995;25;;;;;10005;25;;;;;10000.0;26.0
1;3100;ORCHIDS;1100;5;1099;3;1093;48;1108;5;1109;3;1116;48;1104.0;66382.75
1;3100;STARFRUIT;5048;25;;;;;5055;25;;;;;5051.5;0.0
1;3200;STARFRUIT;5049;29;;;;;5054;7;5056;29;;;5051.5;0.0
1;3200;AMETHYSTS;9996;1;9995;28;;;10004;1;10005;28;;;10000.0;26.0
1;3200;ORCHIDS;1099;6;1098;5;1091;46;1107;6;1108;5;1114;46;1103.0;65289.453125
1;3300;STARFRUIT;5050;2;5049;26;;;5056;28;;;;;5053.0;0.0
1;3300;AMETHYSTS;9998;3;9996;2;9995;26;10004;2;10005;26;;;10001.0;26.0
1;3300;ORCHIDS;1098;6;1097;3;1091;44;1106;6;1107;3;1114;44;1102.0;64196.5546875
1;3400;ORCHIDS;1098;6;1097;2;1091;50;1106;6;1107;2;1114;50;1102.0;63103.5546875
1;3400;STARFRUIT;5053;3;5050;26;;;5056;1;5057;25;;;5054.5;0.0
1;3400;AMETHYSTS;10000;2;9996;1;9995;25;10004;1;10005;25;;;10002.0;26.0
1;3500;AMETHYSTS;9996;2;9995;21;;;10004;2;10005;21;;;10000.0;26.0
1;3500;ORCHIDS;1098;6;1097;3;1090;41;1106;6;1107;3;1114;41;1102.0;62010.45703125
1;3500;STARFRUIT;5050;2;5049;21;;;5054;1;5056;2;5057;21;5052.0;0.0
1;3600;STARFRUIT;5053;3;5050;30;;;5057;30;;;;;5055.0;0.0
1;3600;AMETHYSTS;10000;3;9995;30;;;10002;5;10005;30;;;10001.0;26.0
1;3600;ORCHIDS;1098;8;1097;5;1090;53;1106;8;1107;5;1113;53;1102.0;105680.8515625
1;3700;STARFRUIT;5050;25;;;;;5052;5;5055;2;5057;25;5051.0;0.0
1;3700;AMETHYSTS;9998;6;9996;1;9995;24;10004;1;10005;24;;;10001.0;26.0
1;3700;ORCHIDS;1097;5;1096;3;1090;45;1105;5;1106;3;1113;45;1101.0;104592.65625
1;3800;ORCHIDS;1098;10;1097;5;1091;50;1106;10;1107;5;1114;50;1102.0;103503.359375
1;3800;STARFRUIT;5051;30;;;;;5058;30;;;;;5054.5;0.0
1;3800;AMETHYSTS;9996;1;9995;29;;;10004;1;10005;29;;;10000.0;26.0
1;3900;AMETHYSTS;10002;4;9996;2;9995;26;10004;2;10005;26;;;10003.0;26.0
1;3900;ORCHIDS;1098;8;1097;3;1091;45;1106;8;1107;3;1114;45;1102.0;102413.9609375
1;3900;STARFRUIT;5051;5;5050;28;;;5057;28;;;;;5054.0;0.0
1;4000;STARFRUIT;5051;32;;;;;5058;32;;;;;5054.5;0.0
1;4000;AMETHYSTS;9996;2;9995;30;;;10004;2;10005;30;;;10000.0;26.0
1;4000;ORCHIDS;1099;10;1098;4;1092;56;1107;10;1108;4;1115;56;1103.0;101323.4609375
1;4100;STARFRUIT;5052;1;5051;25;;;5058;26;;;;;5055.0;0.0
1;4100;AMETHYSTS;9996;1;9995;25;;;10002;4;10004;1;10005;25;9999.0;26.0
1;4100;ORCHIDS;1099;8;1098;5;1092;44;1107;8;1108;5;1115;44;1103.0;100232.859375
1;4200;ORCHIDS;1099;6;1098;5;1091;52;1107;6;1108;5;1114;52;1103.0;99142.6640625
1;4200;STARFRUIT;5051;28;;;;;5058;28;;;;;5054.5;0.0
1;4200;AMETHYSTS;9996;2;9995;26;;;9998;5;10004;2;10005;26;9997.0;26.0
1;4300;AMETHYSTS;9996;1;9995;24;;;10000;5;10004;1;10005;24;9998.0;36.0
1;4300;ORCHIDS;1100;9;1099;5;1092;51;1108;9;1109;5;1115;51;1104.0;98051.3671875
1;4300;STARFRUIT;5053;1;5052;24;;;5055;5;5059;25;;;5054.0;0.0
1;4400;STARFRUIT;5052;22;;;;;5059;22;;;;;5055.5;0.0
1;4400;AMETHYSTS;9995;22;;;;;10005;22;;;;;10000.0;36.0
1;4400;ORCHIDS;1100;5;1099;5;1092;43;1108;5;1109;5;1116;43;1104.0;96959.46875
1;4500;STARFRUIT;5053;26;;;;;5060;26;;;;;5056.5;0.0
1;4500;AMETHYSTS;9995;26;;;;;10005;26;;;;;10000.0;36.0
1;4500;ORCHIDS;1100;7;1099;5;1093;44;1108;7;1109;5;1116;44;1104.0;95867.46875
1;4600;ORCHIDS;1100;9;1099;3;1093;42;1108;9;1109;3;1116;42;1104.0;94775.3671875
1;4600;STARFRUIT;5058;1;5053;22;;;5060;22;;;;;5059.0;0.0
1;4600;AMETHYSTS;9996;1;9995;21;;;10004;1;10005;21;;;10000.0;36.0
1;4700;AMETHYSTS;9995;27;;;;;10005;27;;;;;10000.0;36.0
1;4700;ORCHIDS;1099;6;1098;3;1092;52;1107;6;1108;3;1115;52;1103.0;93684.171875
1;4700;STARFRUIT;5054;8;5053;27;;;5060;27;;;;;5057.0;0.0
1;4800;STARFRUIT;5053;29;;;;;5060;29;;;;;5056.5;0.0
1;4800;AMETHYSTS;9996;1;9995;28;;;10004;1;10005;28;;;10000.0;36.0
1;4800;ORCHIDS;1099;8;1098;2;1091;53;1107;8;1108;2;1115;53;1103.0;92592.875
1;4900;STARFRUIT;5054;2;5053;27;;;5060;29;;;;;5057.0;0.0
1;4900;AMETHYSTS;9998;7;9996;2;9995;27;10004;2;10005;27;;;10001.0;36.0
1;4900;ORCHIDS;1098;5;1097;2;1090;47;1106;5;1107;2;1113;47;1102.0;91502.9765625
1;5000;ORCHIDS;1097;8;1096;4;1090;53;1105;8;1106;4;1113;53;1101.0;90413.4765625
1;5000;STARFRUIT;5054;6;5053;31;;;5060;31;;;;;5057.0;0.0
1;5000;AMETHYSTS;9996;2;9995;29;;;10004;2;10005;29;;;10000.0;36.0
1;5100;AMETHYSTS;9996;1;9995;24;;;10004;1;10005;24;;;10000.0;36.0
1;5100;ORCHIDS;1096;6;1095;2;1089;43;1104;6;1105;2;1112;43;1100.0;89324.875
1;5100;STARFRUIT;5054;1;5053;25;;;5060;25;;;;;5057.0;0.0
1;5200;STARFRUIT;5053;30;;;;;5060;30;;;;;5056.5;0.0
1;5200;AMETHYSTS;9998;6;9996;1;9995;29;10004;1;10005;29;;;10001.0;36.0
1;5200;ORCHIDS;1097;9;1096;2;1090;51;1105;9;1106;2;1113;51;1101.0;88235.1796875
1;5300;STARFRUIT;5059;1;5054;22;;;5060;1;5061;21;;;5059.5;0.0
1;5300;AMETHYSTS;9996;1;9995;21;;;10004;1;10005;21;;;10000.0;36.0
1;5300;ORCHIDS;1098;9;1097;5;1091;41;1106;9;1107;5;1114;41;1102.0;87144.3828125
1;5400;AMETHYSTS;9998;9;9996;2;9995;20;10004;2;10005;20;;;10001.0;36.0
1;5400;ORCHIDS;1098;6;1097;5;1091;39;1106;6;1107;5;1114;39;1102.0;86053.484375
1;5400;STARFRUIT;5054;22;;;;;5055;5;5059;7;5061;22;5054.5;0.0
1;5500;ORCHIDS;1097;10;1096;3;1089;56;1105;10;1106;3;1112;56;1101.0;84963.984375
1;5500;STARFRUIT;5054;29;;;;;5060;1;5061;28;;;5057.0;0.0
1;5500;AMETHYSTS;9996;1;9995;28;;;10004;1;10005;28;;;10000.0;36.0
1;5600;STARFRUIT;5054;8;5053;21;;;5060;21;;;;;5057.0;0.0
1;5600;AMETHYSTS;9995;21;;;;;10002;6;10005;21;;;9998.5;36.0
1;5600;ORCHIDS;1098;5;1097;2;1090;43;1106;5;1107;2;1113;43;1102.0;83873.3828125
1;5700;STARFRUIT;5055;7;5054;30;;;5060;1;5061;29;;;5057.5;0.0
1;5700;AMETHYSTS;9996;1;9995;29;;;10004;1;10005;29;;;10000.0;36.0
1;5700;ORCHIDS;1099;7;1098;5;1091;55;1107;7;1108;5;1114;55;1103.0;82781.6875
1;5800;ORCHIDS;1099;10;1098;4;1091;53;1107;10;1108;4;1115;53;1103.0;81689.390625
1;5800;AMETHYSTS;9996;2;9995;28;;;10002;5;10004;2;10005;28;9999.0;36.0
1;5800;STARFRUIT;5055;7;5054;30;;;5061;30;;;;;5058.0;0.0
1;5900;ORCHIDS;1098;9;1097;5;1090;52;1106;9;1107;5;1113;52;1102.0;80598.4921875
1;5900;STARFRUIT;5058;4;5054;31;;;5061;31;;;;;5059.5;0.0
1;5900;AMETHYSTS;9996;2;9995;29;;;10004;2;10005;29;;;10000.0;36.0
1;6000;STARFRUIT;5054;2;5053;30;;;5060;32;;;;;5057.0;0.0
1;6000;ORCHIDS;1098;10;1096;4;1090;58;1105;10;1107;4;1113;58;1101.5;79507.4921875
1;6000;AMETHYSTS;9998;7;9996;2;9995;30;10004;2;10005;30;;;10001.0;36.0
1;6100;STARFRUIT;5054;29;;;;;5055;5;5059;8;5061;29;5054.5;0.0
1;6100;AMETHYSTS;10002;11;9996;1;9995;28;10004;1;10005;28;;;10003.0;36.0
1;6100;ORCHIDS;1098;8;1097;5;1091;49;1106;8;1107;5;1114;49;1102.0;78415.890625
1;6200;ORCHIDS;1100;9;1099;2;1093;43;1108;9;1109;2;1116;43;1104.0;77322.1953125
1;6200;AMETHYSTS;9996;1;9995;20;;;10004;1;10005;20;;;10000.0;36.0
1;6200;STARFRUIT;5054;21;;;;;5061;21;;;;;5057.5;0.0
1;6300;ORCHIDS;1100;9;1099;2;1092;46;1108;9;1109;2;1116;46;1104.0;76228.3984375
1;6300;STARFRUIT;5054;22;;;;;5062;22;;;;;5058.0;0.0
1;6300;AMETHYSTS;9995;22;;;;;10005;22;;;;;10000.0;36.0
1;6400;STARFRUIT;5059;3;5054;25;;;5061;25;;;;;5060.0;0.0
1;6400;ORCHIDS;1098;7;1097;4;1091;48;1106;7;1107;4;1114;48;1102.0;75136.5
1;6400;AMETHYSTS;9996;2;9995;23;;;9998;1;10004;2;10005;23;9997.0;36.0
1;6500;STARFRUIT;5054;26;;;;;5061;26;;;;;5057.5;0.0
1;6500;AMETHYSTS;9996;2;9995;24;;;10004;2;10005;24;;;10000.0;38.0
1;6500;ORCHIDS;1097;9;1096;4;1090;46;1105;9;1106;4;1113;46;1101.0;74045.5
1;6600;ORCHIDS;1097;10;1096;4;1089;48;1105;10;1106;4;1113;48;1101.0;72954.3984375
1;6600;AMETHYSTS;9998;6;9995;25;;;10005;25;;;;;10001.5;38.0
1;6600;STARFRUIT;5055;25;;;;;5062;25;;;;;5058.5;0.0
1;6700;ORCHIDS;1096;9;1095;2;1088;51;1104;9;1105;2;1111;51;1100.0;71864.703125
1;6700;STARFRUIT;5054;30;;;;;5061;30;;;;;5057.5;0.0
1;6700;AMETHYSTS;9996;1;9995;29;;;9998;5;10004;1;10005;29;9997.0;38.0
1;6800;STARFRUIT;5054;3;5053;30;;;5060;31;;;;;5057.0;0.0
1;6800;ORCHIDS;1094;5;1093;5;1087;50;1102;5;1103;5;1110;50;1098.0;70776.40625
1;6800;AMETHYSTS;9996;1;9995;30;;;10002;1;10004;1;10005;30;9999.0;38.0
1;6900;STARFRUIT;5053;24;;;;;5060;24;;;;;5056.5;0.0
1;6900;AMETHYSTS;9996;2;9995;22;;;10002;2;10004;2;10005;22;9999.0;38.0
1;6900;ORCHIDS;1095;5;1094;5;1088;41;1103;5;1104;5;1111;41;1099.0;69687.0078125
1;7000;ORCHIDS;1095;10;1094;3;1087;48;1103;10;1104;3;1111;48;1099.0;68597.5078125
1;7000;AMETHYSTS;9996;1;9995;22;;;10004;1;10005;22;;;10000.0;38.0
1;7000;STARFRUIT;5058;2;5055;1;5054;23;5061;23;;;;;5059.5;0.0
1;7100;ORCHIDS;1095;6;1094;5;1087;49;1103;6;1104;5;1111;49;1099.0;67507.90625
1;7100;STARFRUIT;5054;27;;;;;5061;27;;;;;5057.5;0.0
1;7100;AMETHYSTS;9996;2;9995;25;;;10004;2;10005;25;;;10000.0;38.0
1;7200;STARFRUIT;5055;20;;;;;5062;20;;;;;5058.5;0.0
1;7200;ORCHIDS;1096;8;1095;3;1089;38;1104;8;1105;3;1112;38;1100.0;66417.2109375
1;7200;AMETHYSTS;9995;20;;;;;10005;20;;;;;10000.0;38.0
1;7300;STARFRUIT;5055;1;5054;21;;;5059;8;5061;22;;;5057.0;-57.828125
1;7300;AMETHYSTS;9996;1;9995;21;;;10004;1;10005;21;;;10000.0;38.0
1;7300;ORCHIDS;1096;8;1095;3;1089;44;1104;8;1105;3;1112;44;1100.0;106786.2109375
1;7400;ORCHIDS;1096;10;1095;3;1088;46;1104;10;1105;3;1111;46;1100.0;105699.609375
1;7400;AMETHYSTS;9996;2;9995;26;;;10004;2;10005;26;;;10000.0;38.0
1;7400;STARFRUIT;5055;27;;;;;5062;28;;;;;5058.5;-67.8984375
1;7500;STARFRUIT;5055;21;;;;;5062;21;;;;;5058.5;-62.046875
1;7500;ORCHIDS;1098;8;1097;4;1090;40;1106;8;1107;4;1113;40;1102.0;104610.9140625
1;7500;AMETHYSTS;9995;21;;;;;10005;21;;;;;10000.0;38.0
1;7600;AMETHYSTS;9998;2;9996;1;9995;30;10004;1;10005;30;;;10001.0;38.0
1;7600;ORCHIDS;1098;9;1097;5;1090;53;1106;9;1107;5;1113;53;1102.0;103522.1171875
1;7600;STARFRUIT;5054;31;;;;;5061;31;;;;;5057.5;-52.375
1;7700;AMETHYSTS;9995;25;;;;;9998;1;10002;3;10005;25;9996.5;38.0
1;7700;STARFRUIT;5054;25;;;;;5061;25;;;;;5057.5;-51.8125
1;7700;ORCHIDS;1097;7;1096;3;1089;44;1105;7;1106;3;1112;44;1101.0;102434.21875
1;7800;AMETHYSTS;9995;22;;;;;10002;1;10005;22;;;9998.5;40.0
1;7800;ORCHIDS;1094;8;1093;3;1087;41;1102;8;1103;3;1110;41;1098.0;101348.71875
1;7800;STARFRUIT;5060;1;5054;22;;;5061;22;;;;;5060.5;-58.890625
1;7900;STARFRUIT;5055;1;5054;23;;;5059;1;5061;24;;;5057.0;-57.3125
1;7900;ORCHIDS;1093;6;1092;2;1086;41;1101;6;1102;2;1109;41;1097.0;100264.1171875
1;7900;AMETHYSTS;9996;1;9995;23;;;10004;1;10005;23;;;10000.0;40.0
1;8000;AMETHYSTS;9995;22;;;;;10002;8;10005;22;;;9998.5;40.0
1;8000;ORCHIDS;1099;2;1093;9;1092;2;1101;9;1102;2;1109;48;1100.0;99179.421875
1;8000;STARFRUIT;5054;22;;;;;5061;22;;;;;5057.5;-48.015625
1;8100;AMETHYSTS;9996;1;9995;30;;;10004;1;10005;30;;;10000.0;40.0
1;8100;STARFRUIT;5054;31;;;;;5061;31;;;;;5057.5;-44.765625
1;8100;ORCHIDS;1093;6;1092;2;1085;47;1101;6;1102;2;1108;47;1097.0;98095.125
1;8200;AMETHYSTS;9995;24;;;;;10005;24;;;;;10000.0;40.0
1;8200;ORCHIDS;1092;5;1091;2;1084;43;1100;5;1101;2;1107;43;1096.0;97011.7265625
1;8200;STARFRUIT;5054;24;;;;;5059;7;5061;24;;;5056.5;-45.453125
1;8300;STARFRUIT;5055;9;5054;23;;;5061;24;;;;;5058.0;-55.78125
1;8300;ORCHIDS;1092;6;1091;4;1085;43;1100;6;1101;4;1108;43;1096.0;95927.7265625
1;8300;AMETHYSTS;9996;1;9995;23;;;10004;1;10005;23;;;10000.0;40.0
1;8400;AMETHYSTS;9996;1;9995;23;;;10004;1;10005;23;;;10000.0;40.0
1;8400;ORCHIDS;1093;9;1092;3;1086;46;1101;9;1102;3;1109;46;1097.0;94842.625
1;8400;STARFRUIT;5055;24;;;;;5061;1;5062;23;;;5058.0;-60.96875
1;8500;AMETHYSTS;9995;21;;;;;10005;21;;;;;10000.0;40.0
1;8500;STARFRUIT;5054;21;;;;;5062;21;;;;;5058.0;-59.671875
1;8500;ORCHIDS;1093;7;1092;2;1085;39;1101;7;1102;2;1108;39;1097.0;93757.9296875
1;8600;AMETHYSTS;9996;1;9995;24;;;10004;1;10005;24;;;10000.0;40.0
1;8600;ORCHIDS;1092;8;1091;4;1084;46;1100;8;1101;4;1107;46;1096.0;92674.1328125
1;8600;STARFRUIT;5055;1;5054;24;;;5061;25;;;;;5058.0;-57.875
1;8700;STARFRUIT;5054;30;;;;;5061;30;;;;;5057.5;-47.8203125
1;8700;ORCHIDS;1092;7;1090;2;1084;51;1099;7;1101;2;1107;51;1095.5;91590.234375
1;8700;AMETHYSTS;9995;30;;;;;10005;30;;;;;10000.0;40.0
1;8800;AMETHYSTS;9998;1;9996;2;9995;22;10004;2;10005;22;;;10001.0;40.0
1;8800;ORCHIDS;1091;8;1090;3;1084;44;1099;8;1100;3;1107;44;1095.0;90506.734375
1;8800;STARFRUIT;5054;2;5053;22;;;5060;2;5061;22;;;5057.0;-39.3828125
1;8900;AMETHYSTS;9996;2;9995;27;;;10004;2;10005;27;;;10000.0;40.0
1;8900;STARFRUIT;5054;29;;;;;5061;29;;;;;5057.5;-47.9765625
1;8900;ORCHIDS;1090;9;1089;4;1083;48;1098;9;1099;4;1106;48;1094.0;89424.1328125
1;9000;AMETHYSTS;9995;20;;;;;10005;20;;;;;10000.0;40.0
1;9000;ORCHIDS;1091;7;1090;3;1083;47;1099;7;1100;3;1106;47;1095.0;88340.9375
1;9000;STARFRUIT;5054;20;;;;;5059;2;5061;20;;;5056.5;-56.984375
1;9100;STARFRUIT;5055;26;;;;;5061;1;5062;25;;;5058.0;-63.9453125
1;9100;ORCHIDS;1090;5;1089;3;1082;43;1094;9;1098;5;1099;3;1092.0;87258.640625
1;9100;AMETHYSTS;9998;3;9996;1;9995;25;10004;1;10005;25;;;10001.0;40.0
1;9200;AMETHYSTS;9998;2;9995;21;;;10005;21;;;;;10001.5;40.0
1;9200;ORCHIDS;1087;9;1086;2;1080;47;1095;9;1096;2;1103;47;1091.0;86178.7421875
1;9200;STARFRUIT;5055;21;;;;;5060;6;5062;21;;;5057.5;-63.390625
1;9300;AMETHYSTS;9996;2;9995;23;;;10004;2;10005;23;;;10000.0;40.0
1;9300;STARFRUIT;5061;1;5055;25;;;5062;25;;;;;5061.5;-71.4375
1;9300;ORCHIDS;1087;8;1086;4;1080;43;1095;8;1096;4;1103;43;1091.0;85098.7421875
1;9400;AMETHYSTS;9995;30;;;;;10005;30;;;;;10000.0;40.0
1;9400;ORCHIDS;1088;9;1087;3;1081;49;1096;9;1097;3;1104;49;1092.0;84017.640625
1;9400;STARFRUIT;5055;30;;;;;5056;1;5062;30;;;5055.5;-73.0390625
1;9500;STARFRUIT;5056;6;5055;28;;;5062;28;;;;;5059.0;-69.390625
1;9500;ORCHIDS;1087;8;1086;4;1080;48;1095;8;1096;4;1103;48;1091.0;82937.4453125
1;9500;AMETHYSTS;9996;1;9995;27;;;10004;1;10005;27;;;10000.0;40.0
1;9600;AMETHYSTS;9998;6;9996;2;9995;30;10004;2;10005;30;;;10001.0;40.0
1;9600;ORCHIDS;1086;10;1085;3;1079;50;1094;10;1095;3;1102;50;1090.0;81858.1484375
1;9600;STARFRUIT;5061;1;5056;2;5055;30;5062;32;;;;;5061.5;-75.765625
1;9700;AMETHYSTS;9996;1;9995;26;;;10004;1;10005;26;;;10000.0;40.0
1;9700;STARFRUIT;5057;2;5056;27;;;5063;27;;;;;5060.0;-88.8671875
1;9700;ORCHIDS;1086;5;1085;3;1078;50;1094;5;1095;3;1101;50;1090.0;80779.25
1;9800;ORCHIDS;1086;10;1084;5;1078;49;1093;10;1095;5;1101;49;1089.5;79700.25
1;9800;STARFRUIT;5056;30;;;;;5061;2;5062;1;5063;29;5058.5;-82.5703125
1;9800;AMETHYSTS;9996;1;9995;29;;;9998;1;10002;8;10004;1;9997.0;40.0
1;9900;STARFRUIT;5056;2;5055;29;;;5058;5;5062;31;;;5057.0;-77.2734375
1;9900;ORCHIDS;1088;5;1085;5;1084;4;1093;5;1094;4;1100;54;1090.5;78622.1484375
1;9900;AMETHYSTS;9998;2;9996;2;9995;29;10000;6;10004;2;10005;29;9999.0;40.0
1;10000;ORCHIDS;1085;10;1084;5;1077;47;1093;10;1094;5;1101;47;1089.0;77543.453125
1;10000;STARFRUIT;5056;7;5055;23;;;5062;23;;;;;5059.0;-71.234375
1;10000;AMETHYSTS;9995;23;;;;;10002;1;10005;23;;;9998.5;40.0
1;10100;AMETHYSTS;9995;22;;;;;10005;22;;;;;10000.0;40.0
1;10100;STARFRUIT;5055;22;;;;;5062;22;;;;;5058.5;-67.8203125
1;10100;ORCHIDS;1084;7;1083;4;1076;41;1092;7;1093;4;1099;41;1088.0;76466.15625
1;10200;STARFRUIT;5055;25;;;;;5061;2;5062;23;;;5058.0;-63.7890625
1;10200;AMETHYSTS;9996;2;9995;23;;;10002;1;10004;2;10005;23;9999.0;40.0
1;10200;ORCHIDS;1083;5;1082;4;1075;48;1091;5;1092;4;1098;48;1087.0;75389.7578125
1;10300;STARFRUIT;5055;21;;;;;5062;21;;;;;5058.5;-66.859375
1;10300;ORCHIDS;1084;8;1083;3;1077;47;1092;8;1093;3;1100;47;1088.0;74311.7578125
1;10300;AMETHYSTS;9995;21;;;;;10005;21;;;;;10000.0;40.0
1;10400;ORCHIDS;1085;7;1083;4;1077;46;1092;7;1094;4;1100;46;1088.5;73233.15625
1;10400;STARFRUIT;5055;21;;;;;5062;21;;;;;5058.5;-66.71875
1;10400;AMETHYSTS;9995;21;;;;;10005;21;;;;;10000.0;40.0
1;10500;ORCHIDS;1085;5;1083;5;1077;54;1092;5;1094;5;1100;54;1088.5;72154.4609375
1;10500;AMETHYSTS;9995;29;;;;;10002;1;10005;29;;;9998.5;40.0
1;10500;STARFRUIT;5056;7;5055;29;;;5062;29;;;;;5059.0;-62.6484375
1;10600;STARFRUIT;5058;4;5055;27;;;5060;6;5062;27;;;5059.0;-67.28125
1;10600;AMETHYSTS;10000;4;9996;1;9995;26;10002;4;10004;1;10005;26;10001.0;40.0
1;10600;ORCHIDS;1086;8;1085;5;1078;53;1094;8;1095;5;1101;53;1090.0;71074.6640625
1;10700;STARFRUIT;5056;1;5055;22;;;5062;22;;;;;5059.0;-70.96875
1;10700;ORCHIDS;1085;8;1084;4;1077;41;1093;8;1094;4;1100;41;1089.0;69995.765625
1;10700;AMETHYSTS;9996;1;9995;21;;;10004;1;10005;21;;;10000.0;40.0
1;10800;ORCHIDS;1084;6;1083;4;1077;47;1092;6;1093;4;1100;47;1088.0;68917.265625
1;10800;STARFRUIT;5061;1;5057;8;5056;25;5062;2;5063;23;;;5061.5;-82.0390625
1;10800;AMETHYSTS;9996;2;9995;23;;;10004;2;10005;23;;;10000.0;40.0
1;10900;ORCHIDS;1085;10;1084;4;1077;52;1093;10;1094;4;1100;52;1089.0;67838.1640625
1;10900;AMETHYSTS;9998;10;9996;2;9995;30;10004;2;10005;30;;;10001.0;40.0
1;10900;STARFRUIT;5055;32;;;;;5062;32;;;;;5058.5;-73.96875
1;11000;STARFRUIT;5055;25;;;;;5061;1;5062;24;;;5058.0;-61.75
1;11000;AMETHYSTS;9996;1;9995;24;;;10004;1;10005;24;;;10000.0;40.0
1;11000;ORCHIDS;1085;8;1084;4;1077;42;1093;8;1094;4;1100;42;1089.0;66758.96875
1;11100;STARFRUIT;5055;27;;;;;5060;8;5061;2;5062;25;5057.5;-61.0078125
1;11100;ORCHIDS;1083;10;1082;4;1076;49;1091;10;1092;4;1099;49;1087.0;65681.171875
1;11100;AMETHYSTS;9996;2;9995;25;;;10004;2;10005;25;;;10000.0;40.0
1;11200;ORCHIDS;1083;10;1082;5;1076;56;1091;10;1092;5;1099;56;1087.0;64603.2734375
1;11200;STARFRUIT;5055;27;;;;;5062;27;;;;;5058.5;-70.65625
1;11200;AMETHYSTS;9996;1;9995;26;;;10004;1;10005;26;;;10000.0;40.0
1;11300;ORCHIDS;1082;10;1081;2;1075;52;1090;10;1091;2;1098;52;1086.0;63526.2734375
1;11300;AMETHYSTS;9995;29;;;;;9998;1;10005;29;;;9996.5;40.0
1;11300;STARFRUIT;5054;29;;;;;5061;29;;;;;5057.5;-56.765625
1;11400;STARFRUIT;5055;6;5054;22;;;5061;22;;;;;5058.0;-56.078125
1;11400;AMETHYSTS;10002;1;9995;22;;;10005;22;;;;;10003.5;40.0
1;11400;ORCHIDS;1082;5;1081;3;1074;39;1090;5;1091;3;1097;39;1086.0;62449.67578125
1;11500;STARFRUIT;5055;6;5054;27;;;5061;27;;;;;5058.0;-56.8359375
1;11500;ORCHIDS;1082;10;1081;4;1074;53;1090;10;1091;4;1097;53;1086.0;103323.875
1;11500;AMETHYSTS;9995;27;;;;;10005;27;;;;;10000.0;40.0
1;11600;ORCHIDS;1081;6;1080;5;1074;53;1089;6;1090;5;1097;53;1085.0;102251.4765625
1;11600;STARFRUIT;5055;31;;;;;5061;1;5062;30;;;5058.0;-62.671875
1;11600;AMETHYSTS;9998;6;9996;1;9995;30;10004;1;10005;30;;;10001.0;40.0
1;11700;ORCHIDS;1082;7;1080;3;1074;44;1089;7;1091;3;1097;44;1085.5;101178.4765625
1;11700;AMETHYSTS;9996;1;9995;22;;;10000;2;10004;1;10005;22;9998.0;40.0
1;11700;STARFRUIT;5054;23;;;;;5057;3;5061;23;;;5055.5;-49.2109375
1;11800;STARFRUIT;5055;2;5054;25;;;5061;27;;;;;5058.0;-58.890625
1;11800;AMETHYSTS;9996;2;9995;25;;;10004;2;10005;25;;;10000.0;40.0
1;11800;ORCHIDS;1082;7;1080;2;1074;43;1089;7;1091;2;1097;43;1085.5;100105.375
1;11900;STARFRUIT;5059;8;5054;21;;;5061;21;;;;;5060.0;-49.8046875
1;11900;ORCHIDS;1082;10;1081;2;1075;42;1090;10;1091;2;1098;42;1086.0;99031.6796875
1;11900;AMETHYSTS;9996;1;9995;20;;;10004;1;10005;20;;;10000.0;40.0
1;12000;ORCHIDS;1081;5;1080;2;1073;38;1089;5;1090;2;1096;38;1085.0;97959.3828125
1;12000;STARFRUIT;5054;24;;;;;5060;2;5061;22;;;5057.0;-40.953125
1;12000;AMETHYSTS;9996;2;9995;22;;;9998;1;10004;2;10005;22;9997.0;40.0
1;12100;AMETHYSTS;9995;24;;;;;9998;2;10005;24;;;9996.5;40.0
1;12100;ORCHIDS;1082;8;1081;3;1074;43;1086;5;1090;8;1091;3;1084.0;96885.984375
1;12100;STARFRUIT;5053;24;;;;;5059;8;5061;24;;;5056.0;-40.34375
1;12200;STARFRUIT;5055;7;5054;25;;;5061;25;;;;;5058.0;-46.2109375
1;12200;AMETHYSTS;9996;1;9995;24;;;10002;3;10004;1;10005;24;9999.0;40.0
1;12200;ORCHIDS;1082;7;1081;2;1075;43;1090;7;1091;2;1098;43;1086.0;95811.984375
1;12300;STARFRUIT;5054;21;;;;;5056;3;5061;21;;;5055.0;-52.1171875
1;12300;AMETHYSTS;9996;1;9995;20;;;10004;1;10005;20;;;10000.0;40.0
1;12300;ORCHIDS;1083;5;1082;3;1076;36;1091;5;1092;3;1099;36;1087.0;94736.8828125
1;12400;ORCHIDS;1083;10;1082;4;1076;58;1091;10;1092;4;1099;58;1087.0;93661.6875
1;12400;STARFRUIT;5054;28;;;;;5060;1;5061;28;;;5057.0;-43.5625
1;12400;AMETHYSTS;9996;1;9995;28;;;10004;1;10005;28;;;10000.0;40.0
1;12500;AMETHYSTS;9996;2;9995;22;;;10004;2;10005;22;;;10000.0;40.0
1;12500;ORCHIDS;1083;5;1082;5;1075;45;1091;5;1092;5;1098;45;1087.0;92586.890625
1;12500;STARFRUIT;5054;2;5053;22;;;5060;2;5061;22;;;5057.0;-39.90625
1;12600;STARFRUIT;5054;2;5053;30;;;5060;30;;;;;5057.0;-29.609375
1;12600;AMETHYSTS;9996;2;9995;28;;;10004;2;10005;28;;;10000.0;40.0
1;12600;ORCHIDS;1083;5;1082;3;1075;43;1091;5;1092;3;1098;43;1087.0;91511.9921875
1;12700;STARFRUIT;5054;1;5053;23;;;5060;24;;;;;5057.0;-36.0625
1;12700;AMETHYSTS;9996;1;9995;23;;;9998;3;10004;1;10005;23;9997.0;40.0
1;12700;ORCHIDS;1084;8;1083;4;1076;45;1088;7;1092;8;1093;4;1086.0;90435.9921875
1;12800;ORCHIDS;1084;9;1083;2;1076;51;1092;9;1093;2;1099;51;1088.0;89359.890625
1;12800;STARFRUIT;5054;24;;;;;5059;1;5060;1;5061;23;5056.5;-42.5390625
1;12800;AMETHYSTS;9998;4;9996;1;9995;23;10004;1;10005;23;;;10001.0;40.0
1;12900;AMETHYSTS;9995;29;;;;;10005;29;;;;;10000.0;40.0
1;12900;ORCHIDS;1083;8;1082;5;1075;57;1091;8;1092;5;1098;57;1087.0;88284.6953125
1;12900;STARFRUIT;5059;1;5054;29;;;5061;29;;;;;5060.0;-45.9765625
1;13000;STARFRUIT;5054;26;;;;;5061;26;;;;;5057.5;-53.4296875
1;13000;AMETHYSTS;9996;1;9995;25;;;9998;1;10004;1;10005;25;9997.0;40.0
1;13000;ORCHIDS;1084;7;1083;4;1076;50;1092;7;1093;4;1099;50;1088.0;87208.3984375
1;13100;STARFRUIT;5054;25;;;;;5060;1;5061;24;;;5057.0;-44.328125
1;13100;AMETHYSTS;10002;3;9996;1;9995;24;10004;1;10005;24;;;10003.0;40.0
1;13100;ORCHIDS;1083;5;1082;5;1076;43;1091;5;1092;5;1099;43;1087.0;86132.5
1;13200;ORCHIDS;1083;6;1082;2;1076;43;1091;6;1092;2;1099;43;1087.0;85056.5
1;13200;STARFRUIT;5054;21;;;;;5060;1;5061;20;;;5057.0;-41.6015625
1;13200;AMETHYSTS;9996;1;9995;20;;;10004;1;10005;20;;;10000.0;40.0
1;13300;AMETHYSTS;9996;1;9995;29;;;10004;1;10005;29;;;10000.0;40.0
1;13300;ORCHIDS;1085;9;1084;2;1077;58;1093;9;1094;2;1100;58;1089.0;83978.8984375
1;13300;STARFRUIT;5054;1;5053;29;;;5060;1;5061;29;;;5057.0;-40.375
1;13400;STARFRUIT;5053;31;;;;;5060;31;;;;;5056.5;-34.2890625
1;13400;AMETHYSTS;9996;2;9995;29;;;10004;2;10005;29;;;10000.0;40.0
1;13400;ORCHIDS;1084;7;1083;5;1077;54;1092;7;1093;5;1100;54;1088.0;82901.703125
1;13500;STARFRUIT;5053;23;;;;;5058;1;5060;23;;;5055.5;-24.546875
1;13500;AMETHYSTS;9996;2;9995;21;;;10004;2;10005;21;;;10000.0;40.0
1;13500;ORCHIDS;1083;6;1082;2;1075;46;1091;6;1092;2;1098;46;1087.0;81825.90625
1;13600;ORCHIDS;1084;7;1083;3;1076;50;1092;7;1093;3;1099;50;1088.0;80749.0078125
1;13600;STARFRUIT;5055;3;5052;30;;;5059;30;;;;;5057.0;-11.9375
1;13600;AMETHYSTS;10002;1;10000;3;9998;7;10005;30;;;;;10003.5;40.0
1;13700;AMETHYSTS;9996;1;9995;29;;;10002;9;10004;1;10005;29;9999.0;40.0
1;13700;ORCHIDS;1084;8;1083;4;1077;57;1092;8;1093;4;1100;57;1088.0;79671.5078125
1;13700;STARFRUIT;5053;1;5052;29;;;5057;2;5059;30;;;5055.0;-17.75
1;13800;STARFRUIT;5052;26;;;;;5059;26;;;;;5055.5;-18.015625
1;13800;AMETHYSTS;9995;26;;;;;10002;1;10005;26;;;9998.5;40.0
1;13800;ORCHIDS;1085;6;1084;4;1077;47;1093;6;1094;4;1100;47;1089.0;78593.40625
1;13900;STARFRUIT;5053;20;;;;;5058;3;5059;1;5060;20;5055.5;-24.3359375
1;13900;AMETHYSTS;9996;1;9995;20;;;10002;5;10004;1;10005;20;9999.0;40.0
1;13900;ORCHIDS;1085;6;1084;5;1077;46;1093;6;1094;5;1101;46;1089.0;77514.7109375
1;14000;ORCHIDS;1087;7;1086;2;1080;50;1095;7;1096;2;1103;50;1091.0;76433.9140625
1;14000;STARFRUIT;5053;29;;;;;5059;1;5060;28;;;5056.0;-21.6015625
1;14000;AMETHYSTS;9996;1;9995;28;;;10004;1;10005;28;;;10000.0;40.0
1;14100;AMETHYSTS;9996;1;9995;27;;;10004;1;10005;27;;;10000.0;40.0
1;14100;ORCHIDS;1087;10;1086;2;1080;50;1095;10;1096;2;1103;50;1091.0;75353.015625
1;14100;STARFRUIT;5057;4;5053;28;;;5060;28;;;;;5058.5;-28.2734375
1;14200;STARFRUIT;5053;27;;;;;5060;27;;;;;5056.5;-28.9375
1;14200;AMETHYSTS;9996;1;9995;26;;;10004;1;10005;26;;;10000.0;40.0
1;14200;ORCHIDS;1086;9;1085;4;1078;50;1094;9;1095;4;1101;50;1090.0;74273.515625
1;14300;STARFRUIT;5054;32;;;;;5061;32;;;;;5057.5;-50.375
1;14300;AMETHYSTS;9996;2;9995;30;;;10004;2;10005;30;;;10000.0;40.0
1;14300;ORCHIDS;1086;6;1085;4;1078;48;1094;6;1095;4;1101;48;1090.0;73193.9140625
1;14400;AMETHYSTS;10002;1;9996;1;9995;26;10004;1;10005;26;;;10003.0;40.0
1;14400;ORCHIDS;1086;5;1085;5;1078;49;1094;5;1095;5;1102;49;1090.0;72113.71875
1;14400;STARFRUIT;5055;6;5054;26;;;5061;27;;;;;5058.0;-58.3125
1;14500;ORCHIDS;1087;10;1086;5;1079;44;1095;10;1096;5;1102;44;1091.0;71032.921875
1;14500;STARFRUIT;5055;1;5054;20;;;5056;5;5061;21;;;5055.5;-58.9140625
1;14500;AMETHYSTS;9996;1;9995;20;;;9998;9;10002;2;10004;1;9997.0;40.0
1;14600;STARFRUIT;5055;23;;;;;5060;5;5062;23;;;5057.5;-72.3046875
1;14600;AMETHYSTS;9996;1;9995;22;;;10002;4;10004;1;10005;22;9999.0;40.0
1;14600;ORCHIDS;1088;7;1087;2;1080;41;1096;7;1097;2;1103;41;1092.0;69951.0234375
1;14700;STARFRUIT;5060;1;5057;2;5055;2;5061;26;;;;;5060.5;-58.828125
1;14700;AMETHYSTS;10000;2;9995;26;;;10005;26;;;;;10002.5;40.0
1;14700;ORCHIDS;1088;9;1087;4;1080;48;1096;9;1097;4;1103;48;1092.0;68869.0234375
1;14800;ORCHIDS;1088;6;1087;3;1080;44;1096;6;1097;3;1103;44;1092.0;67786.921875
1;14800;AMETHYSTS;9996;1;9995;23;;;10004;1;10005;23;;;10000.0;40.0
1;14800;STARFRUIT;5054;24;;;;;5061;24;;;;;5057.5;-49.46875
1;14900;ORCHIDS;1092;8;1089;7;1088;5;1097;7;1098;5;1104;47;1094.5;66703.7265625
1;14900;STARFRUIT;5055;21;;;;;5060;7;5061;1;5062;20;5057.5;-61.7265625
1;14900;AMETHYSTS;9996;1;9995;20;;;10004;1;10005;20;;;10000.0;40.0
1;15000;STARFRUIT;5060;1;5055;25;;;5062;25;;;;;5061.0;-62.0
1;15000;ORCHIDS;1088;9;1087;4;1081;51;1096;9;1097;4;1104;51;1092.0;65620.9296875
1;15000;AMETHYSTS;9998;1;9995;25;;;10005;25;;;;;10001.5;40.0
1;15100;STARFRUIT;5054;26;;;;;5061;26;;;;;5057.5;-52.7421875
1;15100;AMETHYSTS;9998;10;9995;26;;;10005;26;;;;;10001.5;40.0
1;15100;ORCHIDS;1088;10;1087;2;1081;52;1096;10;1097;2;1104;52;1092.0;64538.03125
1;15200;ORCHIDS;1087;6;1086;3;1080;45;1095;6;1096;3;1103;45;1091.0;63456.03125
1;15200;AMETHYSTS;9995;25;;;;;10002;10;10005;25;;;9998.5;40.0
1;15200;STARFRUIT;5055;2;5054;25;;;5056;3;5061;25;;;5055.5;-52.8515625
1;15300;ORCHIDS;1087;5;1086;4;1080;46;1095;5;1096;4;1103;46;1091.0;62373.93359375
1;15300;STARFRUIT;5055;3;5054;24;;;5061;26;;;;;5058.0;-57.296875
1;15300;AMETHYSTS;9996;2;9995;24;;;10004;2;10005;24;;;10000.0;40.0
1;15400;STARFRUIT;5054;24;;;;;5059;1;5061;24;;;5056.5;-52.4375
1;15400;ORCHIDS;1087;10;1086;3;1079;52;1095;10;1096;3;1102;52;1091.0;61292.234375
1;15400;AMETHYSTS;9996;1;9995;23;;;10004;1;10005;23;;;10000.0;40.0
1;15500;STARFRUIT;5056;2;5055;24;;;5062;24;;;;;5059.0;-68.421875
1;15500;AMETHYSTS;10002;1;9998;1;9996;2;10004;2;10005;22;;;10003.0;40.0
1;15500;ORCHIDS;1094;4;1088;8;1087;4;1096;8;1097;4;1104;45;1095.0;60208.9375
1;15600;ORCHIDS;1088;6;1087;4;1080;47;1096;6;1097;4;1103;47;1092.0;107907.5390625
1;15600;AMETHYSTS;9996;2;9995;23;;;10002;6;10004;2;10005;23;9999.0;40.0
1;15600;STARFRUIT;5055;25;;;;;5062;25;;;;;5058.5;-72.453125
1;15700;ORCHIDS;1087;5;1086;3;1080;35;1095;5;1096;3;1103;35;1091.0;106829.5390625
1;15700;STARFRUIT;5056;1;5055;20;;;5062;1;5063;20;;;5059.0;-80.59375
1;15700;AMETHYSTS;9998;8;9996;1;9995;20;10004;1;10005;20;;;10001.0;40.0
1;15800;STARFRUIT;5057;6;5056;25;;;5062;2;5063;23;;;5059.5;-83.9921875
1;15800;ORCHIDS;1087;8;1086;4;1080;49;1095;8;1096;4;1103;49;1091.0;105751.4375
1;15800;AMETHYSTS;9996;2;9995;23;;;10004;2;10005;23;;;10000.0;40.0
1;15900;STARFRUIT;5056;8;5055;31;;;5062;31;;;;;5059.0;-70.890625
1;15900;AMETHYSTS;9996;1;9995;30;;;10004;1;10005;30;;;10000.0;40.0
1;15900;ORCHIDS;1086;5;1085;2;1079;47;1089;5;1094;5;1095;2;1087.5;104674.2421875
1;16000;ORCHIDS;1087;6;1086;5;1080;45;1095;6;1096;5;1103;45;1091.0;103595.9453125
1;16000;AMETHYSTS;9995;23;;;;;10005;23;;;;;10000.0;40.0
1;16000;STARFRUIT;5055;23;;;;;5061;1;5063;23;;;5058.0;-79.9609375
1;16100;ORCHIDS;1087;8;1086;2;1080;44;1095;8;1096;2;1103;44;1091.0;102517.546875
1;16100;STARFRUIT;5057;3;5056;2;5055;25;5062;2;5063;25;;;5059.5;-80.6953125
1;16100;AMETHYSTS;9996;2;9995;25;;;10004;2;10005;25;;;10000.0;40.0
1;16200;STARFRUIT;5056;23;;;;;5063;23;;;;;5059.5;-85.0
1;16200;ORCHIDS;1087;6;1086;2;1079;37;1095;6;1096;2;1103;37;1091.0;101439.046875
1;16200;AMETHYSTS;9998;6;9996;2;9995;21;10004;2;10005;21;;;10001.0;40.0
1;16300;STARFRUIT;5056;24;;;;;5061;3;5062;2;5063;22;5058.5;-83.71875
1;16300;AMETHYSTS;9996;2;9995;22;;;10004;2;10005;22;;;10000.0;40.0
1;16300;ORCHIDS;1086;8;1085;2;1078;49;1094;8;1095;2;1101;49;1090.0;100361.9453125
1;16400;AMETHYSTS;9996;1;9995;26;;;10004;1;10005;26;;;10000.0;40.0
1;16400;ORCHIDS;1086;7;1084;5;1078;52;1093;7;1095;5;1101;52;1089.5;99284.75
1;16400;STARFRUIT;5056;27;;;;;5063;27;;;;;5059.5;-85.671875
1;16500;STARFRUIT;5055;23;;;;;5062;23;;;;;5058.5;-73.484375
1;16500;ORCHIDS;1088;8;1085;10;1084;4;1093;10;1094;4;1100;47;1090.5;98208.453125
1;16500;AMETHYSTS;9996;1;9995;22;;;10004;1;10005;22;;;10000.0;40.0
1;16600;AMETHYSTS;10002;3;9996;2;9995;27;10004;2;10005;27;;;10003.0;40.0
1;16600;ORCHIDS;1084;8;1083;2;1076;45;1086;3;1092;8;1093;2;1085.0;97133.0546875
1;16600;STARFRUIT;5055;29;;;;;5062;29;;;;;5058.5;-74.0234375
1;16700;AMETHYSTS;9996;2;9995;30;;;10004;2;10005;30;;;10000.0;40.0
1;16700;STARFRUIT;5055;32;;;;;5062;32;;;;;5058.5;-71.578125
1;16700;ORCHIDS;1085;5;1084;5;1077;48;1093;5;1094;5;1100;48;1089.0;96056.5546875
1;16800;AMETHYSTS;9996;2;9995;26;;;10002;9;10004;2;10005;26;9999.0;40.0
1;16800;ORCHIDS;1085;9;1083;4;1077;46;1092;9;1094;4;1100;46;1088.5;94979.953125
1;16800;STARFRUIT;5055;28;;;;;5060;2;5062;28;;;5057.5;-69.25
1;16900;STARFRUIT;5055;23;;;;;5062;23;;;;;5058.5;-61.7109375
1;16900;ORCHIDS;1084;8;1083;4;1076;50;1092;8;1093;4;1099;50;1088.0;93904.2578125
1;16900;AMETHYSTS;10002;1;9995;23;;;10005;23;;;;;10003.5;40.0
1;17000;AMETHYSTS;10002;5;9998;5;9996;1;10004;1;10005;27;;;10003.0;40.0
1;17000;ORCHIDS;1085;6;1084;4;1078;46;1093;6;1094;4;1101;46;1089.0;92827.0625
1;17000;STARFRUIT;5054;28;;;;;5061;28;;;;;5057.5;-54.171875
1;17100;AMETHYSTS;9996;2;9995;25;;;10004;2;10005;25;;;10000.0;40.0
1;17100;STARFRUIT;5055;10;5054;25;;;5061;27;;;;;5058.0;-55.8203125
1;17100;ORCHIDS;1086;6;1085;4;1078;50;1094;6;1095;4;1101;50;1090.0;91749.265625
1;17200;AMETHYSTS;10002;1;9996;2;9995;24;10004;2;10005;24;;;10003.0;40.0
1;17200;ORCHIDS;1086;9;1085;3;1078;52;1094;9;1095;3;1101;52;1090.0;90670.8671875
1;17200;STARFRUIT;5055;8;5054;26;;;5061;26;;;;;5058.0;-49.046875
1;17300;STARFRUIT;5054;29;;;;;5059;2;5061;29;;;5056.5;-46.640625
1;17300;ORCHIDS;1083;6;1082;3;1075;48;1091;6;1092;3;1098;48;1087.0;89595.3671875
1;17300;AMETHYSTS;9998;7;9995;29;;;10005;29;;;;;10001.5;40.0
1;17400;AMETHYSTS;9995;21;;;;;10002;10;10005;21;;;9998.5;40.0
1;17400;ORCHIDS;1083;9;1082;4;1075;41;1091;9;1092;4;1098;41;1087.0;88519.7734375
1;17400;STARFRUIT;5054;21;;;;;5061;21;;;;;5057.5;-42.1171875
1;17500;AMETHYSTS;9996;1;9995;27;;;10004;1;10005;27;;;10000.0;40.0
1;17500;STARFRUIT;5054;28;;;;;5061;28;;;;;5057.5;-45.328125
1;17500;ORCHIDS;1082;9;1081;2;1075;51;1090;9;1091;2;1098;51;1086.0;87444.578125
1;17600;AMETHYSTS;9996;1;9995;25;;;10002;3;10004;1;10005;25;9999.0;40.0
1;17600;ORCHIDS;1082;8;1081;5;1075;48;1090;8;1091;5;1098;48;1086.0;86369.28125
1;17600;STARFRUIT;5054;1;5053;25;;;5060;26;;;;;5057.0;-37.6875
1;17700;STARFRUIT;5053;26;;;;;5060;26;;;;;5056.5;-31.7109375
1;17700;ORCHIDS;1082;10;1081;2;1075;48;1090;10;1091;2;1098;48;1086.0;85293.8828125
1;17700;AMETHYSTS;9998;4;9996;2;9995;24;10004;2;10005;24;;;10001.0;40.0
1;17800;AMETHYSTS;9995;23;;;;;10002;6;10005;23;;;9998.5;40.0
1;17800;ORCHIDS;1083;10;1081;4;1075;46;1090;10;1092;4;1098;46;1086.5;84217.8828125
1;17800;STARFRUIT;5052;23;;;;;5059;23;;;;;5055.5;-18.765625
1;17900;AMETHYSTS;9995;22;;;;;10005;22;;;;;10000.0;40.0
1;17900;STARFRUIT;5058;1;5053;4;5052;22;5059;22;;;;;5058.5;-12.3125
1;17900;ORCHIDS;1082;7;1081;4;1074;47;1090;7;1091;4;1097;47;1086.0;83142.7890625
1;18000;AMETHYSTS;9998;10;9996;2;9995;23;10004;2;10005;23;;;10001.0;40.0
1;18000;ORCHIDS;1082;6;1081;3;1075;39;1090;6;1091;3;1098;39;1086.0;82067.09375
1;18000;STARFRUIT;5058;1;5053;2;5052;25;5059;25;;;;;5058.5;-12.1953125
1;18100;STARFRUIT;5055;6;5052;31;;;5059;31;;;;;5057.0;-10.640625
1;18100;ORCHIDS;1082;5;1081;5;1075;55;1090;5;1091;5;1098;55;1086.0;80991.296875
1;18100;AMETHYSTS;10000;6;9996;1;9995;30;10004;1;10005;30;;;10002.0;40.0
1;18200;AMETHYSTS;9998;10;9995;28;;;10005;28;;;;;10001.5;40.0
1;18200;ORCHIDS;1081;6;1080;5;1074;49;1089;6;1090;5;1097;49;1085.0;79916.3984375
1;18200;STARFRUIT;5051;28;;;;;5059;28;;;;;5055.0;-0.265625
1;18300;AMETHYSTS;9998;9;9996;2;9995;28;10004;2;10005;28;;;10001.0;40.0
1;18300;STARFRUIT;5052;2;5051;28;;;5058;30;;;;;5055.0;2.8046875
1;18300;ORCHIDS;1083;7;1082;2;1075;55;1091;7;1092;2;1098;55;1087.0;78839.8984375
1;18400;AMETHYSTS;9995;22;;;;;10005;22;;;;;10000.0;40.0
1;18400;ORCHIDS;1083;9;1081;3;1075;50;1090;9;1092;3;1098;50;1086.5;77763.3046875
1;18400;STARFRUIT;5052;22;;;;;5059;22;;;;;5055.5;-12.390625
1;18500;STARFRUIT;5053;7;5052;25;;;5059;26;;;;;5056.0;-18.1328125
1;18500;ORCHIDS;1083;7;1082;5;1076;46;1091;7;1092;5;1099;46;1087.0;76686.109375
1;18500;AMETHYSTS;9996;1;9995;25;;;10004;1;10005;25;;;10000.0;40.0
1;18600;AMETHYSTS;9996;2;9995;25;;;10004;2;10005;25;;;10000.0;40.0
1;18600;ORCHIDS;1084;5;1083;4;1077;48;1092;5;1093;4;1100;48;1088.0;75607.8125
1;18600;STARFRUIT;5053;1;5052;25;;;5057;4;5059;27;;;5055.0;-16.25
1;18700;AMETHYSTS;9998;7;9995;20;;;10005;20;;;;;10001.5;40.0
1;18700;STARFRUIT;5058;1;5052;20;;;5059;20;;;;;5058.5;-11.5234375
1;18700;ORCHIDS;1083;7;1082;3;1076;38;1091;7;1092;3;1099;38;1087.0;74530.4140625
1;18800;ORCHIDS;1085;9;1084;4;1077;53;1093;9;1094;4;1100;53;1089.0;73451.4140625
1;18800;STARFRUIT;5057;10;5052;31;;;5059;31;;;;;5058.0;-8.984375
1;18800;AMETHYSTS;9996;2;9995;29;;;10004;2;10005;29;;;10000.0;40.0
1;18900;STARFRUIT;5057;1;5052;31;;;5058;1;5059;30;;;5057.5;-2.0234375
1;18900;ORCHIDS;1085;9;1084;3;1077;57;1093;9;1094;3;1101;57;1089.0;72371.8203125
1;18900;AMETHYSTS;9996;1;9995;30;;;10004;1;10005;30;;;10000.0;40.0
1;19000;ORCHIDS;1083;9;1082;2;1075;54;1091;9;1092;2;1098;54;1087.0;71294.625
1;19000;STARFRUIT;5052;28;;;;;5057;4;5058;1;5059;27;5054.5;-2.75
1;19000;AMETHYSTS;9996;1;9995;27;;;10004;1;10005;27;;;10000.0;40.0
1;19100;ORCHIDS;1082;8;1081;2;1075;54;1090;8;1091;2;1098;54;1086.0;70217.828125
1;19100;AMETHYSTS;9996;1;9995;29;;;10004;1;10005;29;;;10000.0;40.0
1;19100;STARFRUIT;5052;30;;;;;5054;2;5059;30;;;5053.0;-13.8671875
1;19200;STARFRUIT;5052;24;;;;;5057;5;5059;24;;;5054.5;-8.859375
1;19200;AMETHYSTS;9996;1;9995;23;;;10002;5;10004;1;10005;23;9999.0;40.0
1;19200;ORCHIDS;1082;10;1081;4;1075;49;1090;10;1091;4;1098;49;1086.0;69140.9296875
1;19300;STARFRUIT;5052;24;;;;;5059;24;;;;;5055.5;-9.21875
1;19300;ORCHIDS;1084;10;1083;2;1077;52;1092;10;1093;2;1100;52;1088.0;68061.9296875
1;19300;AMETHYSTS;9998;4;9996;2;9995;22;10004;2;10005;22;;;10001.0;40.0
1;19400;ORCHIDS;1083;7;1082;2;1076;51;1091;7;1092;2;1099;51;1087.0;66983.8359375
1;19400;STARFRUIT;5053;23;;;;;5058;6;5060;24;;;5055.5;-22.75
1;19400;AMETHYSTS;9995;24;;;;;10005;24;;;;;10000.0;40.0
1;19500;ORCHIDS;1083;10;1082;2;1075;47;1091;10;1092;2;1098;47;1087.0;65906.140625
1;19500;AMETHYSTS;9998;8;9996;1;9995;23;10004;1;10005;23;;;10001.0;40.0
1;19500;STARFRUIT;5053;24;;;;;5060;24;;;;;5056.5;-24.7734375
1;19600;STARFRUIT;5053;28;;;;;5060;28;;;;;5056.5;-28.96875
1;19600;AMETHYSTS;9996;2;9995;26;;;10004;2;10005;26;;;10000.0;40.0
1;19600;ORCHIDS;1083;7;1082;4;1076;50;1091;7;1092;4;1099;50;1087.0;64827.83984375
1;19700;STARFRUIT;5054;26;;;;;5059;7;5061;27;;;5056.5;-44.7265625
1;19700;ORCHIDS;1084;9;1083;2;1077;51;1092;9;1093;2;1100;51;1088.0;63748.4375
1;19700;AMETHYSTS;9996;2;9995;25;;;10004;2;10005;25;;;10000.0;40.0
1;19800;ORCHIDS;1085;5;1084;2;1078;50;1093;5;1094;2;1101;50;1089.0;62667.9375
1;19800;STARFRUIT;5054;29;;;;;5061;29;;;;;5057.5;-47.1015625
1;19800;AMETHYSTS;9998;6;9995;29;;;10005;29;;;;;10001.5;40.0
1;19900;ORCHIDS;1087;5;1086;4;1080;49;1095;5;1096;4;1103;49;1091.0;61585.3359375
1;19900;AMETHYSTS;9996;2;9995;26;;;10004;2;10005;26;;;10000.0;40.0
1;19900;STARFRUIT;5054;2;5053;26;;;5060;2;5061;26;;;5057.0;-40.0
1;20000;STARFRUIT;5054;2;5053;21;;;5059;3;5060;2;5061;21;5056.5;-39.9921875
1;20000;AMETHYSTS;9996;2;9995;21;;;10004;2;10005;21;;;10000.0;40.0
1;20000;ORCHIDS;1087;6;1086;4;1080;43;1095;6;1096;4;1103;43;1091.0;60502.63671875
1;20100;STARFRUIT;5055;3;5054;32;;;5061;32;;;;;5058.0;-51.140625
1;20100;ORCHIDS;1088;9;1087;4;1081;50;1096;9;1097;4;1104;50;1092.0;105929.140625
1;20100;AMETHYSTS;9996;2;9995;30;;;10004;2;10005;30;;;10000.0;40.0
1;20200;ORCHIDS;1093;9;1090;6;1089;4;1098;6;1099;4;1105;42;1095.5;104848.046875
1;20200;STARFRUIT;5054;26;;;;;5061;26;;;;;5057.5;-53.6328125
1;20200;AMETHYSTS;9995;26;;;;;10005;26;;;;;10000.0;40.0
1;20300;ORCHIDS;1088;5;1087;4;1080;49;1096;5;1097;4;1103;49;1092.0;103768.8515625
1;20300;AMETHYSTS;9996;1;9995;26;;;9998;1;10004;1;10005;26;9997.0;40.0
1;20300;STARFRUIT;5055;26;;;;;5062;27;;;;;5058.5;-66.421875
1;20400;STARFRUIT;5055;27;;;;;5062;27;;;;;5058.5;-71.234375
1;20400;AMETHYSTS;9995;27;;;;;9998;4;10005;27;;;9996.5;40.0
1;20400;ORCHIDS;1089;9;1088;3;1081;55;1097;9;1098;3;1104;55;1093.0;102688.5546875
1;20500;STARFRUIT;5055;28;;;;;5062;28;;;;;5058.5;-77.375
1;20500;ORCHIDS;1088;8;1087;5;1080;56;1090;2;1096;8;1097;5;1089.0;101609.15625
1;20500;AMETHYSTS;9995;28;;;;;10005;28;;;;;10000.0;40.0
1;20600;ORCHIDS;1088;8;1087;3;1080;50;1096;8;1097;3;1103;50;1092.0;100529.65625
1;20600;STARFRUIT;5056;1;5055;25;;;5062;26;;;;;5059.0;-76.9453125
1;20600;AMETHYSTS;9996;1;9995;25;;;9998;1;10004;1;10005;25;9997.0;40.0
1;20700;ORCHIDS;1088;5;1087;3;1080;38;1096;5;1097;3;1103;38;1092.0;99450.0625
1;20700;AMETHYSTS;9996;1;9995;20;;;9998;1;10002;4;10004;1;9997.0;40.0
1;20700;STARFRUIT;5055;21;;;;;5060;4;5062;21;;;5057.5;-73.546875
1;20800;STARFRUIT;5055;24;;;;;5062;24;;;;;5058.5;-72.53125
1;20800;AMETHYSTS;9996;1;9995;23;;;10004;1;10005;23;;;10000.0;40.0
1;20800;ORCHIDS;1088;7;1087;5;1080;48;1096;7;1097;5;1103;48;1092.0;98370.3671875
1;20900;STARFRUIT;5055;21;;;;;5062;21;;;;;5058.5;-66.859375
1;20900;AMETHYSTS;9996;1;9995;20;;;9998;1;10004;1;10005;20;9997.0;40.0
1;20900;ORCHIDS;1088;9;1087;2;1081;48;1096;9;1097;2;1104;48;1092.0;97290.0703125
1;21000;ORCHIDS;1088;9;1087;5;1080;43;1096;9;1097;5;1103;43;1092.0;96210.171875
1;21000;STARFRUIT;5055;23;;;;;5061;2;5062;21;;;5058.0;-60.7109375
1;21000;AMETHYSTS;9996;2;9995;21;;;10004;2;10005;21;;;10000.0;40.0
1;21100;AMETHYSTS;10002;2;9996;1;9995;26;10004;1;10005;26;;;10003.0;40.0
1;21100;ORCHIDS;1088;5;1087;2;1080;51;1096;5;1097;2;1103;51;1092.0;95130.171875
1;21100;STARFRUIT;5055;6;5054;26;;;5061;27;;;;;5058.0;-56.6328125
1;21200;STARFRUIT;5055;26;;;;;5061;1;5062;25;;;5058.0;-62.546875
1;21200;AMETHYSTS;9996;1;9995;25;;;10002;5;10004;1;10005;25;9999.0;40.0
1;21200;ORCHIDS;1086;10;1085;5;1078;53;1094;10;1095;5;1101;53;1090.0;94052.078125
1;21300;STARFRUIT;5060;1;5054;30;;;5062;30;;;;;5061.0;-60.25
1;21300;AMETHYSTS;9995;30;;;;;10005;30;;;;;10000.0;40.0
1;21300;ORCHIDS;1084;8;1083;2;1077;55;1092;8;1093;2;1100;55;1088.0;92975.3828125
1;21400;ORCHIDS;1085;9;1083;2;1077;53;1092;9;1094;2;1100;53;1088.5;91898.0859375
1;21400;STARFRUIT;5055;26;;;;;5061;2;5062;24;;;5058.0;-60.953125
1;21400;AMETHYSTS;9996;2;9995;24;;;10002;4;10004;2;10005;24;9999.0;40.0
1;21500;AMETHYSTS;9995;29;;;;;9998;1;10005;29;;;9996.5;40.0
1;21500;ORCHIDS;1083;9;1082;2;1076;58;1091;9;1092;2;1099;58;1087.0;90822.1875
1;21500;STARFRUIT;5055;29;;;;;5062;29;;;;;5058.5;-76.28125
1;21600;STARFRUIT;5056;1;5055;27;;;5062;28;;;;;5059.0;-76.109375
1;21600;AMETHYSTS;9996;1;9995;27;;;10004;1;10005;27;;;10000.0;40.0
1;21600;ORCHIDS;1082;10;1081;4;1075;51;1090;10;1091;4;1098;51;1086.0;89747.1875
1;21700;STARFRUIT;5056;27;;;;;5061;2;5063;27;;;5058.5;-81.6484375
1;21700;AMETHYSTS;9995;27;;;;;10005;27;;;;;10000.0;40.0
1;21700;ORCHIDS;1082;9;1081;3;1075;54;1090;9;1091;3;1098;54;1086.0;88672.09375
1;21800;ORCHIDS;1083;7;1081;5;1075;46;1090;7;1092;5;1098;46;1086.5;87596.3984375
1;21800;STARFRUIT;5061;10;5057;8;5056;25;5062;2;5063;23;;;5061.5;-82.8046875
1;21800;AMETHYSTS;9996;2;9995;23;;;10004;2;10005;23;;;10000.0;40.0
1;21900;AMETHYSTS;9996;1;9995;29;;;10004;1;10005;29;;;10000.0;40.0
1;21900;ORCHIDS;1083;6;1081;2;1075;52;1090;6;1092;2;1098;52;1086.5;86520.6015625
1;21900;STARFRUIT;5057;1;5056;29;;;5063;30;;;;;5060.0;-97.109375
1;22000;STARFRUIT;5057;2;5056;27;;;5058;3;5063;29;;;5057.5;-96.59375
1;22000;AMETHYSTS;9996;2;9995;27;;;10004;2;10005;27;;;10000.0;40.0
1;22000;ORCHIDS;1083;6;1081;2;1075;46;1090;6;1092;2;1098;46;1086.5;85444.703125
1;22100;STARFRUIT;5056;30;;;;;5063;30;;;;;5059.5;-90.75
1;22100;AMETHYSTS;9996;1;9995;29;;;10004;1;10005;29;;;10000.0;40.0
1;22100;ORCHIDS;1083;10;1081;5;1075;53;1090;10;1092;5;1098;53;1086.5;84368.703125
1;22200;ORCHIDS;1082;5;1081;2;1074;44;1090;5;1091;2;1097;44;1086.0;83293.609375
1;22200;STARFRUIT;5057;1;5056;28;;;5061;8;5063;29;;;5059.0;-97.5703125
1;22200;AMETHYSTS;9996;1;9995;28;;;10004;1;10005;28;;;10000.0;40.0
1;22300;AMETHYSTS;9995;28;;;;;10005;28;;;;;10000.0;40.0
1;22300;ORCHIDS;1082;9;1081;5;1074;47;1090;9;1091;5;1097;47;1086.0;82218.4140625
1;22300;STARFRUIT;5057;28;;;;;5064;28;;;;;5060.5;-104.65625
1;22400;STARFRUIT;5057;26;;;;;5064;26;;;;;5060.5;-105.7734375
1;22400;AMETHYSTS;9995;26;;;;;10005;26;;;;;10000.0;40.0
1;22400;ORCHIDS;1082;6;1081;3;1074;45;1090;6;1091;3;1097;45;1086.0;81143.1171875
1;22500;STARFRUIT;5057;27;;;;;5064;27;;;;;5060.5;-108.5625
1;22500;AMETHYSTS;9995;27;;;;;10005;27;;;;;10000.0;40.0
1;22500;ORCHIDS;1082;7;1081;4;1074;46;1090;7;1091;4;1098;46;1086.0;80067.21875
1;22600;ORCHIDS;1083;8;1082;5;1075;51;1091;8;1092;5;1098;51;1087.0;78990.71875
1;22600;STARFRUIT;5062;5;5057;28;;;5064;28;;;;;5063.0;-114.265625
1;22600;AMETHYSTS;9995;28;;;;;10005;28;;;;;10000.0;40.0
1;22700;AMETHYSTS;9995;30;;;;;10005;30;;;;;10000.0;40.0
1;22700;ORCHIDS;1083;10;1082;2;1075;55;1091;10;1092;2;1098;55;1087.0;77914.125
1;22700;STARFRUIT;5057;30;;;;;5064;30;;;;;5060.5;-116.578125
1;22800;STARFRUIT;5058;27;;;;;5065;27;;;;;5061.5;-128.109375
1;22800;AMETHYSTS;9996;2;9995;25;;;10004;2;10005;25;;;10000.0;40.0
1;22800;ORCHIDS;1083;7;1082;5;1075;49;1091;7;1092;5;1098;49;1087.0;76837.4296875
1;22900;STARFRUIT;5058;2;5057;26;;;5064;28;;;;;5061.0;-118.140625
1;22900;AMETHYSTS;9996;2;9995;26;;;10004;2;10005;26;;;10000.0;40.0
1;22900;ORCHIDS;1085;6;1084;3;1077;46;1093;6;1094;3;1100;46;1089.0;75758.6328125
1;23000;ORCHIDS;1082;10;1081;2;1074;48;1090;10;1091;2;1097;48;1086.0;74682.734375
1;23000;STARFRUIT;5059;2;5058;23;;;5065;23;;;;;5062.0;-130.0859375
1;23000;AMETHYSTS;9996;1;9995;22;;;10004;1;10005;22;;;10000.0;40.0
1;23100;ORCHIDS;1081;6;1080;4;1073;53;1089;6;1090;4;1096;53;1085.0;73607.734375
1;23100;STARFRUIT;5058;29;;;;;5063;4;5065;29;;;5060.5;-121.7109375
1;23100;AMETHYSTS;9995;29;;;;;10005;29;;;;;10000.0;40.0
1;23200;STARFRUIT;5058;29;;;;;5063;8;5065;29;;;5060.5;-127.15625
1;23200;AMETHYSTS;9996;2;9995;27;;;10004;2;10005;27;;;10000.0;40.0
1;23200;ORCHIDS;1080;6;1079;5;1073;53;1088;6;1089;5;1096;53;1084.0;72533.140625
1;23300;STARFRUIT;5059;2;5058;26;;;5065;28;;;;;5062.0;-137.8203125
1;23300;AMETHYSTS;9996;2;9995;26;;;10004;2;10005;26;;;10000.0;40.0
1;23300;ORCHIDS;1081;8;1080;2;1073;48;1089;8;1090;2;1096;48;1085.0;71457.9453125
1;23400;AMETHYSTS;9996;2;9995;28;;;10004;2;10005;28;;;10000.0;40.0
1;23400;ORCHIDS;1082;7;1081;4;1074;48;1090;7;1091;4;1097;48;1086.0;70381.6484375
1;23400;STARFRUIT;5060;3;5059;2;5058;28;5065;2;5066;28;;;5062.5;-140.5546875
1;23500;ORCHIDS;1081;9;1080;2;1073;51;1089;9;1090;2;1096;51;1085.0;69306.25
1;23500;STARFRUIT;5059;29;;;;;5066;29;;;;;5062.5;-151.9453125
1;23500;AMETHYSTS;9998;9;9996;1;9995;28;10004;1;10005;28;;;10001.0;40.0
1;23600;STARFRUIT;5059;22;;;;;5064;7;5066;22;;;5061.5;-148.6640625
1;23600;ORCHIDS;1082;8;1081;2;1075;48;1089;8;1090;2;1096;48;1085.5;68229.75
1;23600;AMETHYSTS;9996;1;9995;21;;;10002;1;10004;1;10005;21;9999.0;40.0
1;23700;STARFRUIT;5059;32;;;;;5065;2;5066;30;;;5062.0;-144.1484375
1;23700;AMETHYSTS;9996;2;9995;30;;;10004;2;10005;30;;;10000.0;40.0
1;23700;ORCHIDS;1083;6;1082;5;1076;48;1090;6;1091;5;1097;48;1086.5;67152.15625
1;23800;ORCHIDS;1084;7;1083;2;1077;50;1091;7;1092;2;1098;50;1087.5;66073.4609375
1;23800;AMETHYSTS;10002;1;9996;1;9995;27;10004;1;10005;27;;;10003.0;40.0
1;23800;STARFRUIT;5059;28;;;;;5065;1;5066;27;;;5062.0;-143.328125
1;23900;ORCHIDS;1085;6;1084;2;1078;50;1092;6;1093;2;1099;50;1088.5;64993.66015625
1;23900;STARFRUIT;5059;31;;;;;5066;31;;;;;5062.5;-146.734375
1;23900;AMETHYSTS;9996;2;9995;29;;;10004;2;10005;29;;;10000.0;40.0
1;24000;STARFRUIT;5062;2;5059;24;;;5064;4;5066;24;;;5063.0;-147.2265625
1;24000;ORCHIDS;1084;10;1083;5;1077;47;1091;10;1092;5;1098;47;1087.5;63914.7578125
1;24000;AMETHYSTS;10000;2;9996;1;9995;23;10004;1;10005;23;;;10002.0;40.0
1;24100;STARFRUIT;5059;23;;;;;5066;23;;;;;5062.5;-142.96875
1;24100;AMETHYSTS;9995;23;;;;;10005;23;;;;;10000.0;40.0
1;24100;ORCHIDS;1085;8;1084;5;1078;50;1092;8;1093;5;1099;50;1088.5;62834.7578125
1;24200;ORCHIDS;1083;6;1082;4;1076;50;1090;6;1091;4;1097;50;1086.5;61757.15625
1;24200;AMETHYSTS;9998;9;9996;2;9995;30;10004;2;10005;30;;;10001.0;40.0
1;24200;STARFRUIT;5060;2;5059;32;;;5065;2;5066;30;;;5062.5;-143.8671875
1;24300;ORCHIDS;1087;6;1084;8;1083;5;1091;8;1092;5;1098;49;1089.0;60678.45703125
1;24300;STARFRUIT;5059;32;;;;;5066;32;;;;;5062.5;-152.46875
1;24300;AMETHYSTS;9996;2;9995;30;;;10004;2;10005;30;;;10000.0;40.0
1;24400;STARFRUIT;5059;22;;;;;5060;1;5066;22;;;5059.5;-153.0390625
1;24400;ORCHIDS;1085;9;1084;3;1078;43;1092;9;1093;3;1099;43;1088.5;59598.15625
1;24400;AMETHYSTS;9998;6;9996;2;9995;20;10004;2;10005;20;;;10001.0;40.0
1;24500;STARFRUIT;5058;24;;;;;5063;2;5065;24;;;5060.5;-138.84375
1;24500;AMETHYSTS;9995;24;;;;;10002;5;10005;24;;;9998.5;40.0
1;24500;ORCHIDS;1086;10;1085;3;1079;54;1093;10;1094;3;1100;54;1089.5;104956.5625
1;24600;ORCHIDS;1086;5;1085;2;1079;44;1090;5;1093;5;1094;2;1088.0;103879.8671875
1;24600;AMETHYSTS;9996;2;9995;23;;;10002;4;10004;2;10005;23;9999.0;40.0
1;24600;STARFRUIT;5058;25;;;;;5065;25;;;;;5061.5;-131.140625
1;24700;ORCHIDS;1083;10;1082;3;1076;47;1090;10;1091;3;1097;47;1086.5;102805.5703125
1;24700;STARFRUIT;5058;22;;;;;5065;22;;;;;5061.5;-129.0546875
1;24700;AMETHYSTS;9998;10;9995;22;;;10005;22;;;;;10001.5;40.0
1;24800;STARFRUIT;5059;1;5058;20;;;5065;21;;;;;5062.0;-138.78125
1;24800;ORCHIDS;1085;7;1084;3;1078;42;1092;7;1093;3;1099;42;1088.5;101729.171875
1;24800;AMETHYSTS;9996;1;9995;20;;;10004;1;10005;20;;;10000.0;40.0
1;24900;STARFRUIT;5060;6;5059;30;;;5065;2;5066;28;;;5062.5;-142.5078125
1;24900;AMETHYSTS;9996;2;9995;28;;;10004;2;10005;28;;;10000.0;40.0
1;24900;ORCHIDS;1088;5;1085;8;1084;2;1092;8;1093;2;1099;55;1090.0;100652.671875
1;25000;ORCHIDS;1084;8;1083;3;1077;47;1091;8;1092;3;1098;47;1087.5;99577.078125
1;25000;AMETHYSTS;9998;2;9996;2;9995;25;10004;2;10005;25;;;10001.0;40.0
1;25000;STARFRUIT;5059;2;5058;25;;;5063;2;5065;27;;;5061.0;-138.5234375
1;25100;ORCHIDS;1085;8;1084;3;1078;48;1092;8;1093;3;1099;48;1088.5;98500.3828125
1;25100;STARFRUIT;5058;31;;;;;5065;31;;;;;5061.5;-131.921875
1;25100;AMETHYSTS;9996;1;9995;30;;;10004;1;10005;30;;;10000.0;40.0
1;25200;ORCHIDS;1085;5;1084;4;1078;47;1092;5;1093;4;1099;47;1088.5;97424.0859375
1;25200;AMETHYSTS;9996;2;9995;24;;;10002;5;10004;2;10005;24;9999.0;40.0
1;25200;STARFRUIT;5059;26;;;;;5066;26;;;;;5062.5;-145.28125
1;25300;AMETHYSTS;9995;28;;;;;9998;1;10005;28;;;9996.5;40.0
1;25300;STARFRUIT;5058;28;;;;;5063;5;5065;28;;;5060.5;-136.0078125
1;25300;ORCHIDS;1084;5;1083;5;1077;49;1092;5;1093;5;1099;49;1088.0;96347.6875
1;25400;AMETHYSTS;9996;2;9995;28;;;10004;2;10005;28;;;10000.0;40.0
1;25400;ORCHIDS;1083;7;1082;4;1076;55;1090;7;1091;4;1097;55;1086.5;95272.6875
1;25400;STARFRUIT;5060;7;5059;30;;;5066;30;;;;;5063.0;-146.6484375
1;25500;STARFRUIT;5059;6;5058;22;;;5065;1;5066;22;;;5062.0;-139.984375
1;25500;ORCHIDS;1080;6;1079;2;1073;44;1087;6;1088;2;1094;44;1083.5;94200.59375
1;25500;AMETHYSTS;9998;1;9996;1;9995;22;10004;1;10005;22;;;10001.0;40.0
1;25600;AMETHYSTS;9996;1;9995;24;;;10002;1;10004;1;10005;24;9999.0;40.0
1;25600;ORCHIDS;1080;6;1079;2;1073;40;1087;6;1088;2;1094;40;1083.5;93128.3984375
1;25600;STARFRUIT;5059;25;;;;;5066;25;;;;;5062.5;-146.7890625
1;25700;AMETHYSTS;9996;1;9995;21;;;10004;1;10005;21;;;10000.0;40.0
1;25700;STARFRUIT;5059;1;5058;21;;;5065;22;;;;;5062.0;-138.3515625
1;25700;ORCHIDS;1080;9;1079;5;1073;49;1087;9;1088;5;1094;49;1083.5;92056.1015625
1;25800;AMETHYSTS;9998;1;9995;20;;;10005;20;;;;;10001.5;40.0
1;25800;ORCHIDS;1078;6;1077;2;1071;38;1085;6;1086;2;1092;38;1081.5;90985.703125
1;25800;STARFRUIT;5059;20;;;;;5066;20;;;;;5062.5;-149.796875
1;25900;STARFRUIT;5059;30;;;;;5066;30;;;;;5062.5;-142.0703125
1;25900;ORCHIDS;1080;7;1079;4;1073;51;1087;7;1088;4;1094;51;1083.5;89913.703125
1;25900;AMETHYSTS;10002;2;9995;30;;;10005;30;;;;;10003.5;40.0
1;26000;AMETHYSTS;9996;1;9995;21;;;9998;1;10004;1;10005;21;9997.0;40.0
1;26000;ORCHIDS;1081;6;1080;3;1074;43;1088;6;1089;3;1095;43;1084.5;88840.109375
1;26000;STARFRUIT;5060;1;5059;21;;;5064;6;5066;22;;;5062.0;-158.7890625
1;26100;AMETHYSTS;9996;1;9995;28;;;10004;1;10005;28;;;10000.0;40.0
1;26100;STARFRUIT;5060;28;;;;;5065;5;5066;1;5067;28;5062.5;-163.15625
1;26100;ORCHIDS;1082;8;1081;5;1075;54;1089;8;1090;5;1096;54;1085.5;87765.4140625
1;26200;AMETHYSTS;9998;2;9996;2;9995;30;10004;2;10005;30;;;10001.0;40.0
1;26200;ORCHIDS;1082;7;1081;5;1075;52;1089;7;1090;5;1096;52;1085.5;86690.6171875
1;26200;STARFRUIT;5064;9;5059;32;;;5066;32;;;;;5065.0;-149.640625
1;26300;STARFRUIT;5060;1;5059;22;;;5066;23;;;;;5063.0;-157.75
1;26300;ORCHIDS;1082;5;1081;4;1075;37;1089;5;1090;4;1096;37;1085.5;85615.71875
1;26300;AMETHYSTS;9996;1;9995;22;;;10002;8;10004;1;10005;22;9999.0;40.0
1;26400;AMETHYSTS;9996;1;9995;23;;;10004;1;10005;23;;;10000.0;40.0
1;26400;ORCHIDS;1083;7;1082;4;1076;47;1090;7;1091;4;1097;47;1086.5;84540.21875
1;26400;STARFRUIT;5059;24;;;;;5066;24;;;;;5062.5;-151.203125
1;26500;AMETHYSTS;9996;2;9995;27;;;10002;3;10004;2;10005;27;9999.0;40.0
1;26500;STARFRUIT;5059;29;;;;;5064;7;5065;2;5066;27;5061.5;-143.78125
1;26500;ORCHIDS;1082;10;1081;4;1075;57;1089;10;1090;4;1096;57;1085.5;83465.125
1;26600;AMETHYSTS;9996;1;9995;27;;;10004;1;10005;27;;;10000.0;40.0
1;26600;ORCHIDS;1082;10;1081;2;1075;53;1089;10;1090;2;1096;53;1085.5;82389.9296875
1;26600;STARFRUIT;5059;2;5058;28;;;5065;28;;;;;5062.0;-129.234375
1;26700;STARFRUIT;5058;24;;;;;5060;4;5066;24;;;5059.0;-140.109375
1;26700;ORCHIDS;1081;9;1080;5;1074;47;1088;9;1089;5;1095;47;1084.5;81316.1328125
1;26700;AMETHYSTS;9995;24;;;;;10005;24;;;;;10000.0;40.0
1;26800;AMETHYSTS;9996;2;9995;24;;;10004;2;10005;24;;;10000.0;40.0
1;26800;ORCHIDS;1079;5;1078;4;1072;48;1086;5;1087;4;1093;48;1082.5;80244.234375
1;26800;STARFRUIT;5064;1;5059;26;;;5065;2;5066;24;;;5064.5;-142.5078125
1;26900;AMETHYSTS;9995;30;;;;;9998;1;10005;30;;;9996.5;40.0
1;26900;STARFRUIT;5058;30;;;;;5063;1;5065;30;;;5060.5;-137.3828125
1;26900;ORCHIDS;1078;8;1077;2;1071;50;1085;8;1086;2;1092;50;1081.5;79172.734375
1;27000;AMETHYSTS;9996;1;9995;26;;;10004;1;10005;26;;;10000.0;40.0
1;27000;ORCHIDS;1078;10;1077;4;1071;47;1085;10;1086;4;1092;47;1081.5;78101.140625
1;27000;STARFRUIT;5059;27;;;;;5064;6;5066;27;;;5061.5;-146.15625
1;27100;STARFRUIT;5059;22;;;;;5064;5;5066;22;;;5061.5;-150.1640625
1;27100;ORCHIDS;1078;9;1077;3;1071;49;1085;9;1086;3;1092;49;1081.5;77029.9453125
1;27100;AMETHYSTS;9996;1;9995;21;;;10004;1;10005;21;;;10000.0;40.0
1;27200;AMETHYSTS;9996;2;9995;22;;;10002;5;10004;2;10005;22;9999.0;40.0
1;27200;ORCHIDS;1079;10;1078;5;1072;46;1086;10;1087;5;1093;46;1082.5;75957.6484375
1;27200;STARFRUIT;5059;3;5058;24;;;5065;24;;;;;5062.0;-128.734375
1;27300;AMETHYSTS;9995;26;;;;;10005;26;;;;;10000.0;40.0
1;27300;STARFRUIT;5062;3;5057;26;;;5064;26;;;;;5063.0;-113.96875
1;27300;ORCHIDS;1080;10;1079;3;1073;53;1087;10;1088;3;1094;53;1083.5;74883.75
1;27400;AMETHYSTS;9995;27;;;;;10005;27;;;;;10000.0;40.0
1;27400;ORCHIDS;1079;7;1078;5;1072;45;1086;7;1087;5;1093;45;1082.5;73810.75
1;27400;STARFRUIT;5058;27;;;;;5065;27;;;;;5061.5;-123.9375
1;27500;STARFRUIT;5058;26;;;;;5063;7;5065;26;;;5060.5;-121.5234375
1;27500;ORCHIDS;1079;10;1078;2;1072;46;1086;10;1087;2;1093;46;1082.5;72738.15625
1;27500;AMETHYSTS;9995;26;;;;;10005;26;;;;;10000.0;40.0
1;27600;ORCHIDS;1079;7;1078;2;1072;47;1086;7;1087;2;1093;47;1082.5;71664.9609375
1;27600;STARFRUIT;5057;25;;;;;5064;25;;;;;5060.5;-117.375
1;27600;AMETHYSTS;9995;25;;;;;10005;25;;;;;10000.0;40.0
1;27700;AMETHYSTS;9996;2;9995;22;;;10004;2;10005;22;;;10000.0;40.0
1;27700;STARFRUIT;5057;24;;;;;5064;24;;;;;5060.5;-106.125
1;27700;ORCHIDS;1079;5;1078;3;1072;47;1086;5;1087;3;1093;47;1082.5;70591.6640625
1;27800;ORCHIDS;1078;10;1077;3;1071;51;1085;10;1086;3;1092;51;1081.5;69519.765625
1;27800;STARFRUIT;5056;22;;;;;5063;22;;;;;5059.5;-91.46875
1;27800;AMETHYSTS;10002;1;9995;22;;;10005;22;;;;;10003.5;40.0
1;27900;STARFRUIT;5056;22;;;;;5063;22;;;;;5059.5;-83.421875
1;27900;ORCHIDS;1078;10;1077;4;1071;50;1085;10;1086;4;1092;50;1081.5;68447.765625
1;27900;AMETHYSTS;9995;22;;;;;10005;22;;;;;10000.0;40.0
1;28000;ORCHIDS;1079;10;1078;5;1072;54;1086;10;1087;5;1093;54;1082.5;67374.671875
1;28000;STARFRUIT;5056;2;5055;26;;;5058;4;5061;5;5062;2;5057.0;-79.8359375
1;28000;AMETHYSTS;9998;8;9996;2;9995;26;10000;4;10004;2;10005;26;9999.0;40.0
1;28100;ORCHIDS;1079;8;1078;5;1072;42;1086;8;1087;5;1093;42;1082.5;66301.4765625
1;28100;AMETHYSTS;9996;1;9995;22;;;10004;1;10005;22;;;10000.0;40.0
1;28100;STARFRUIT;5056;23;;;;;5062;1;5063;22;;;5059.0;-83.171875
1;28200;STARFRUIT;5062;1;5056;24;;;5063;24;;;;;5062.5;-91.09375
1;28200;AMETHYSTS;9996;1;9995;23;;;9998;1;10004;1;10005;23;9997.0;40.0
1;28200;ORCHIDS;1079;5;1078;2;1072;45;1086;5;1087;2;1093;45;1082.5;65227.67578125
1;28300;STARFRUIT;5056;21;;;;;5061;1;5063;21;;;5058.5;-90.9375
1;28300;ORCHIDS;1078;6;1077;2;1071;42;1085;6;1086;2;1092;42;1081.5;64154.7734375
1;28300;AMETHYSTS;9998;3;9995;21;;;10005;21;;;;;10001.5;40.0
1;28400;ORCHIDS;1079;5;1078;5;1072;40;1086;5;1087;5;1093;40;1082.5;108120.9765625
1;28400;STARFRUIT;5056;22;;;;;5061;6;5063;22;;;5058.5;-88.9921875
1;28400;AMETHYSTS;10002;4;9996;1;9995;21;10004;1;10005;21;;;10003.0;40.0
1;28500;ORCHIDS;1080;7;1079;2;1073;46;1087;7;1088;2;1094;46;1083.5;107050.078125
1;28500;AMETHYSTS;10002;7;9996;1;9995;26;10004;1;10005;26;;;10003.0;40.0
1;28500;STARFRUIT;5056;1;5055;26;;;5062;27;;;;;5059.0;-77.5859375
1;28600;STARFRUIT;5055;28;;;;;5056;6;5062;28;;;5055.5;-69.828125
1;28600;AMETHYSTS;9995;28;;;;;10002;7;10005;28;;;9998.5;40.0
1;28600;ORCHIDS;1083;10;1082;3;1076;52;1090;10;1091;3;1097;52;1086.5;105976.078125
1;28700;STARFRUIT;5055;28;;;;;5062;28;;;;;5058.5;-75.1171875
1;28700;ORCHIDS;1084;8;1083;2;1077;49;1091;8;1092;2;1098;49;1087.5;104901.484375
1;28700;AMETHYSTS;9996;1;9995;27;;;10004;1;10005;27;;;10000.0;40.0
1;28800;ORCHIDS;1085;10;1084;5;1078;58;1092;10;1093;5;1099;58;1088.5;103825.7890625
1;28800;STARFRUIT;5055;30;;;;;5062;30;;;;;5058.5;-75.7421875
1;28800;AMETHYSTS;9995;30;;;;;10005;30;;;;;10000.0;40.0
1;28900;ORCHIDS;1086;10;1085;5;1079;45;1093;10;1094;5;1100;45;1089.5;102748.9921875
1;28900;AMETHYSTS;9996;1;9995;23;;;10004;1;10005;23;;;10000.0;40.0
1;28900;STARFRUIT;5055;24;;;;;5062;24;;;;;5058.5;-72.7734375
1;29000;STARFRUIT;5055;25;;;;;5063;25;;;;;5059.0;-80.5625
1;29000;AMETHYSTS;9995;25;;;;;10005;25;;;;;10000.0;40.0
1;29000;ORCHIDS;1087;8;1086;2;1080;47;1094;8;1095;2;1101;47;1090.5;101670.59375
1;29100;STARFRUIT;5061;1;5056;5;5055;30;5062;30;;;;;5061.5;-70.453125
1;29100;ORCHIDS;1092;3;1087;8;1086;2;1094;8;1095;2;1101;49;1093.0;100592.09375
1;29100;AMETHYSTS;10002;1;9995;30;;;10005;30;;;;;10003.5;40.0
1;29200;ORCHIDS;1086;8;1085;5;1079;45;1093;8;1094;5;1100;45;1089.5;99514.5
1;29200;STARFRUIT;5056;20;;;;;5061;4;5063;20;;;5058.5;-81.03125
1;29200;AMETHYSTS;9995;20;;;;;10002;1;10005;20;;;9998.5;40.0
1;29300;ORCHIDS;1086;10;1085;2;1079;43;1094;10;1095;2;1101;43;1090.0;98436.3046875
1;29300;AMETHYSTS;9998;3;9996;2;9995;21;10004;2;10005;21;;;10001.0;40.0
1;29300;STARFRUIT;5057;23;;;;;5063;2;5064;21;;;5060.0;-101.984375
1;29400;STARFRUIT;5062;1;5057;1;5056;24;5063;25;;;;;5062.5;-96.5
1;29400;AMETHYSTS;9996;1;9995;24;;;10002;8;10004;1;10005;24;9999.0;40.0
1;29400;ORCHIDS;1086;8;1085;4;1079;44;1093;8;1094;4;1100;44;1089.5;97359.0078125
1;29500;STARFRUIT;5056;23;;;;;5063;23;;;;;5059.5;-89.109375
1;29500;ORCHIDS;1085;6;1084;4;1078;40;1092;6;1093;4;1099;40;1088.5;96282.609375
1;29500;AMETHYSTS;9995;23;;;;;10005;23;;;;;10000.0;40.0
1;29600;ORCHIDS;1086;9;1085;2;1079;52;1093;9;1094;2;1100;52;1089.5;95205.109375
1;29600;STARFRUIT;5055;27;;;;;5062;27;;;;;5058.5;-70.828125
1;29600;AMETHYSTS;9995;27;;;;;10005;27;;;;;10000.0;40.0
1;29700;ORCHIDS;1087;10;1086;3;1080;52;1094;10;1095;3;1101;52;1090.5;94126.515625
1;29700;AMETHYSTS;9998;1;9996;2;9995;29;10004;2;10005;29;;;10001.0;40.0
1;29700;STARFRUIT;5060;1;5055;31;;;5062;31;;;;;5061.0;-66.4140625
1;29800;STARFRUIT;5056;5;5055;24;;;5062;24;;;;;5059.0;-75.34375
1;29800;AMETHYSTS;9996;1;9995;23;;;10004;1;10005;23;;;10000.0;40.0
1;29800;ORCHIDS;1088;9;1087;4;1081;43;1095;9;1096;4;1102;43;1091.5;93046.3203125
1;29900;STARFRUIT;5058;1;5056;3;5055;25;5062;25;;;;;5060.0;-79.296875
1;29900;AMETHYSTS;10000;2;9998;8;9995;25;10005;25;;;;;10002.5;40.0
1;29900;ORCHIDS;1088;8;1087;5;1081;51;1095;8;1096;5;1102;51;1091.5;91966.0234375
1;30000;ORCHIDS;1088;7;1087;2;1081;45;1095;7;1096;2;1102;45;1091.5;90885.625
1;30000;STARFRUIT;5059;2;5056;26;;;5061;2;5063;26;;;5060.0;-85.78125
1;30000;AMETHYSTS;10000;2;9995;26;;;10005;26;;;;;10002.5;40.0
1;30100;AMETHYSTS;9995;28;;;;;10002;10;10005;28;;;9998.5;40.0
1;30100;ORCHIDS;1087;7;1086;2;1080;51;1094;7;1095;2;1101;51;1090.5;89806.125
1;30100;STARFRUIT;5056;28;;;;;5057;3;5063;28;;;5056.5;-87.8125
1;30200;STARFRUIT;5057;2;5056;24;;;5063;2;5064;24;;;5060.0;-99.703125
1;30200;AMETHYSTS;9998;3;9996;2;9995;24;10004;2;10005;24;;;10001.0;40.0
1;30200;ORCHIDS;1087;9;1086;3;1080;50;1094;9;1095;3;1101;50;1090.5;88726.53125
1;30300;STARFRUIT;5057;23;;;;;5062;5;5064;23;;;5059.5;-105.8515625
1;30300;AMETHYSTS;10002;1;9998;10;9995;23;10005;23;;;;;10003.5;40.0
1;30300;ORCHIDS;1087;6;1086;3;1080;39;1094;6;1095;3;1101;39;1090.5;87646.8359375
1;30400;ORCHIDS;1087;8;1086;2;1080;44;1094;8;1095;2;1101;44;1090.5;86567.0390625
1;30400;STARFRUIT;5057;26;;;;;5064;26;;;;;5060.5;-107.75
1;30400;AMETHYSTS;9996;2;9995;24;;;10004;2;10005;24;;;10000.0;40.0
1;30500;AMETHYSTS;9996;1;9995;20;;;10004;1;10005;20;;;10000.0;40.0
1;30500;ORCHIDS;1087;6;1086;3;1080;40;1095;6;1096;3;1102;40;1091.0;85486.640625
1;30500;STARFRUIT;5057;21;;;;;5064;21;;;;;5060.5;-111.6875
1;30600;STARFRUIT;5060;3;5057;26;;;5064;26;;;;;5062.0;-113.3125
1;30600;AMETHYSTS;10000;3;9998;8;9996;1;10004;1;10005;25;;;10002.0;40.0
1;30600;ORCHIDS;1089;7;1088;2;1082;51;1096;7;1097;2;1103;51;1092.5;84404.640625
1;30700;STARFRUIT;5057;24;;;;;5064;24;;;;;5060.5;-110.4609375
1;30700;AMETHYSTS;9995;24;;;;;10005;24;;;;;10000.0;40.0
1;30700;ORCHIDS;1089;6;1088;2;1082;42;1097;6;1098;2;1104;42;1093.0;83322.046875
1;30800;ORCHIDS;1089;5;1088;2;1082;49;1097;5;1098;2;1104;49;1093.0;82239.3515625
1;30800;STARFRUIT;5057;31;;;;;5064;31;;;;;5060.5;-105.203125
1;30800;AMETHYSTS;10002;11;9996;2;9995;29;10004;2;10005;29;;;10003.0;40.0
1;30900;AMETHYSTS;10002;1;9998;9;9996;1;10004;1;10005;24;;;10003.0;40.0
1;30900;ORCHIDS;1091;7;1090;3;1084;41;1098;7;1099;3;1105;41;1094.5;81155.0546875
1;30900;STARFRUIT;5063;1;5058;3;5057;25;5064;25;;;;;5063.5;-112.484375
1;31000;STARFRUIT;5064;1;5058;31;;;5065;31;;;;;5064.5;-130.8671875
1;31000;AMETHYSTS;9996;1;9995;30;;;10004;1;10005;30;;;10000.0;40.0
1;31000;ORCHIDS;1091;10;1090;2;1084;51;1098;10;1099;2;1105;51;1094.5;80071.15625
1;31100;STARFRUIT;5058;28;;;;;5065;28;;;;;5061.5;-132.140625
1;31100;AMETHYSTS;9996;2;9995;26;;;10002;7;10004;2;10005;26;9999.0;40.0
1;31100;ORCHIDS;1090;6;1089;5;1083;48;1097;6;1098;5;1104;48;1093.5;78987.65625
1;31200;ORCHIDS;1089;9;1088;4;1082;46;1093;7;1096;9;1097;4;1091.0;77905.5625
1;31200;STARFRUIT;5058;26;;;;;5065;26;;;;;5061.5;-132.90625
1;31200;AMETHYSTS;9995;26;;;;;10002;4;10005;26;;;9998.5;40.0
1;31300;AMETHYSTS;9995;26;;;;;10005;26;;;;;10000.0;40.0
1;31300;ORCHIDS;1088;8;1087;2;1081;47;1095;8;1096;2;1102;47;1091.5;76823.8671875
1;31300;STARFRUIT;5064;1;5058;26;;;5066;26;;;;;5065.0;-140.328125
1;31400;STARFRUIT;5059;1;5058;23;;;5065;24;;;;;5062.0;-138.046875
1;31400;AMETHYSTS;9996;1;9995;23;;;10002;6;10004;1;10005;23;9999.0;40.0
1;31400;ORCHIDS;1087;6;1086;5;1080;45;1094;6;1095;5;1101;45;1090.5;75743.5703125
1;31500;STARFRUIT;5059;27;;;;;5065;1;5066;26;;;5062.0;-141.7109375
1;31500;AMETHYSTS;9996;1;9995;26;;;10004;1;10005;26;;;10000.0;40.0
1;31500;ORCHIDS;1087;6;1086;2;1080;44;1094;6;1095;2;1101;44;1090.5;74663.171875
1;31600;ORCHIDS;1087;6;1086;4;1080;36;1094;6;1095;4;1101;36;1090.5;73582.171875
1;31600;STARFRUIT;5060;4;5059;20;;;5066;20;;;;;5063.0;-149.84375
1;31600;AMETHYSTS;9995;20;;;;;10005;20;;;;;10000.0;40.0
1;31700;AMETHYSTS;9995;20;;;;;10005;20;;;;;10000.0;40.0
1;31700;ORCHIDS;1088;10;1087;2;1081;47;1095;10;1096;2;1102;47;1091.5;72500.578125
1;31700;STARFRUIT;5059;20;;;;;5064;2;5066;20;;;5061.5;-143.203125
1;31800;STARFRUIT;5059;30;;;;;5066;30;;;;;5062.5;-152.96875
1;31800;AMETHYSTS;9996;1;9995;29;;;10004;1;10005;29;;;10000.0;40.0
1;31800;ORCHIDS;1086;7;1085;4;1079;52;1093;7;1094;4;1100;52;1089.5;71420.8828125
1;31900;STARFRUIT;5060;6;5059;27;;;5066;27;;;;;5063.0;-147.3359375
1;31900;AMETHYSTS;9995;27;;;;;10005;27;;;;;10000.0;40.0
1;31900;ORCHIDS;1087;9;1086;3;1080;56;1094;9;1095;3;1101;56;1090.5;70339.5859375
1;32000;AMETHYSTS;9996;2;9995;27;;;10004;2;10005;27;;;10000.0;40.0
1;32000;ORCHIDS;1086;8;1085;4;1079;53;1093;8;1094;4;1100;53;1089.5;69259.1875
1;32000;STARFRUIT;5059;29;;;;;5061;4;5066;29;;;5060.0;-153.3125
1;32100;ORCHIDS;1085;8;1084;4;1078;43;1092;8;1093;4;1099;43;1088.5;68179.6875
1;32100;STARFRUIT;5059;20;;;;;5066;20;;;;;5062.5;-146.984375
1;32100;AMETHYSTS;9995;20;;;;;10005;20;;;;;10000.0;40.0
1;32200;STARFRUIT;5059;22;;;;;5062;4;5064;2;5066;22;5060.5;-151.390625
1;32200;AMETHYSTS;9996;2;9995;20;;;10000;4;10002;7;10004;2;9998.0;40.0
1;32200;ORCHIDS;1084;8;1083;5;1077;45;1091;8;1092;5;1098;45;1087.5;67101.59375
1;32300;STARFRUIT;5059;29;;;;;5064;5;5066;29;;;5061.5;-146.5625
1;32300;AMETHYSTS;10002;1;9998;3;9996;2;10004;2;10005;27;;;10003.0;40.0
1;32300;ORCHIDS;1085;5;1084;4;1078;51;1092;5;1093;4;1099;51;1088.5;66022.3984375
1;32400;ORCHIDS;1084;5;1083;5;1077;50;1091;5;1092;5;1098;50;1087.5;64943.59765625
1;32400;AMETHYSTS;9996;1;9995;28;;;10004;1;10005;28;;;10000.0;40.0
1;32400;STARFRUIT;5059;29;;;;;5064;2;5066;29;;;5061.5;-146.4140625
1;32500;ORCHIDS;1084;6;1083;3;1077;45;1088;5;1091;6;1092;3;1086.0;63864.6953125
1;32500;STARFRUIT;5059;31;;;;;5066;31;;;;;5062.5;-148.0078125
1;32500;AMETHYSTS;9998;5;9996;2;9995;29;10004;2;10005;29;;;10001.0;40.0
1;32600;STARFRUIT;5059;23;;;;;5066;23;;;;;5062.5;-149.1484375
1;32600;ORCHIDS;1084;5;1083;2;1077;48;1091;5;1092;2;1098;48;1087.5;62785.6953125
1;32600;AMETHYSTS;9995;23;;;;;10005;23;;;;;10000.0;40.0
1;32700;STARFRUIT;5059;22;;;;;5065;1;5066;21;;;5062.0;-143.34375
1;32700;AMETHYSTS;10002;3;9996;1;9995;21;10004;1;10005;21;;;10003.0;40.0
1;32700;ORCHIDS;1084;7;1083;5;1077;45;1091;7;1092;5;1098;45;1087.5;61707.09375
1;32800;ORCHIDS;1085;8;1084;5;1078;51;1092;8;1093;5;1099;51;1088.5;60627.39453125
1;32800;AMETHYSTS;9995;24;;;;;10005;24;;;;;10000.0;40.0
1;32800;STARFRUIT;5058;24;;;;;5065;24;;;;;5061.5;-137.5859375
1;32900;ORCHIDS;1085;7;1084;3;1078;48;1092;7;1093;3;1099;48;1088.5;59547.59375
1;32900;STARFRUIT;5059;27;;;;;5064;5;5066;28;;;5061.5;-148.03125
1;32900;AMETHYSTS;9995;28;;;;;10005;28;;;;;10000.0;40.0
1;33000;STARFRUIT;5058;22;;;;;5061;6;5065;22;;;5059.5;-134.9375
1;33000;ORCHIDS;1085;10;1084;2;1078;43;1092;10;1093;2;1099;43;1088.5;58467.69140625
1;33000;AMETHYSTS;9995;22;;;;;10000;6;10005;22;;;9997.5;40.0
1;33100;STARFRUIT;5058;21;;;;;5059;1;5065;21;;;5058.5;-137.6484375
1;33100;AMETHYSTS;9998;7;9995;21;;;10005;21;;;;;10001.5;40.0
1;33100;ORCHIDS;1086;6;1085;2;1079;40;1090;8;1093;6;1094;2;1088.0;103826.4921875
1;33200;ORCHIDS;1085;7;1084;2;1078;45;1092;7;1093;2;1099;45;1088.5;102750.1953125
1;33200;AMETHYSTS;9995;27;;;;;10005;27;;;;;10000.0;40.0
1;33200;STARFRUIT;5058;27;;;;;5063;1;5065;27;;;5060.5;-133.359375
1;33300;ORCHIDS;1085;7;1084;3;1078;45;1092;7;1093;3;1099;45;1088.5;101673.796875
1;33300;STARFRUIT;5058;25;;;;;5063;5;5065;25;;;5060.5;-134.21875
1;33300;AMETHYSTS;9995;25;;;;;10002;6;10005;25;;;9998.5;40.0
1;33400;STARFRUIT;5059;21;;;;;5066;21;;;;;5062.5;-144.5703125
1;33400;ORCHIDS;1086;9;1085;3;1079;41;1090;8;1093;9;1094;3;1088.0;100596.796875
1;33400;AMETHYSTS;9998;2;9996;1;9995;20;10004;1;10005;20;;;10001.0;40.0
1;33500;STARFRUIT;5060;3;5059;26;;;5065;1;5066;25;;;5062.5;-143.0546875
1;33500;AMETHYSTS;9996;1;9995;25;;;10004;1;10005;25;;;10000.0;40.0
1;33500;ORCHIDS;1085;7;1084;5;1078;49;1092;7;1093;5;1099;49;1088.5;99520.203125
1;33600;ORCHIDS;1086;10;1085;2;1079;55;1093;10;1094;2;1100;55;1089.5;98442.5078125
1;33600;AMETHYSTS;9996;2;9995;26;;;10004;2;10005;26;;;10000.0;40.0
1;33600;STARFRUIT;5059;2;5058;26;;;5065;28;;;;;5062.0;-139.09375
1;33700;ORCHIDS;1088;7;1087;2;1081;51;1095;7;1096;2;1102;51;1091.5;97362.7109375
1;33700;STARFRUIT;5058;6;5057;27;;;5064;29;;;;;5061.0;-118.5078125
1;33700;AMETHYSTS;9996;2;9995;27;;;10004;2;10005;27;;;10000.0;40.0
1;33800;STARFRUIT;5058;25;;;;;5064;1;5065;24;;;5061.0;-120.7421875
1;33800;ORCHIDS;1090;7;1089;4;1083;42;1097;7;1098;4;1104;42;1093.5;96280.8125
1;33800;AMETHYSTS;9998;6;9996;1;9995;24;10004;1;10005;24;;;10001.0;40.0
1;33900;STARFRUIT;5057;20;;;;;5064;20;;;;;5060.5;-117.21875
1;33900;AMETHYSTS;9995;20;;;;;10002;7;10005;20;;;9998.5;40.0
1;33900;ORCHIDS;1091;7;1090;2;1084;46;1098;7;1099;2;1105;46;1094.5;95198.3125
1;34000;ORCHIDS;1091;7;1090;4;1084;49;1098;7;1099;4;1105;49;1094.5;94115.71875
1;34000;AMETHYSTS;9996;2;9995;25;;;10004;2;10005;25;;;10000.0;40.0
1;34000;STARFRUIT;5058;2;5057;25;;;5064;27;;;;;5061.0;-117.65625
1;34100;STARFRUIT;5057;29;;;;;5064;29;;;;;5060.5;-109.96875
1;34100;ORCHIDS;1092;9;1091;3;1085;53;1099;9;1100;3;1106;53;1095.5;93032.0234375
1;34100;AMETHYSTS;9995;29;;;;;10005;29;;;;;10000.0;40.0
1;34200;AMETHYSTS;9996;1;9995;21;;;10004;1;10005;21;;;10000.0;40.0
1;34200;ORCHIDS;1090;8;1089;5;1083;47;1097;8;1098;5;1104;47;1093.5;91950.2265625
1;34200;STARFRUIT;5057;22;;;;;5063;1;5064;21;;;5060.0;-100.8515625
1;34300;AMETHYSTS;9995;30;;;;;10005;30;;;;;10000.0;40.0
1;34300;STARFRUIT;5057;30;;;;;5064;30;;;;;5060.5;-113.6015625
1;34300;ORCHIDS;1090;9;1089;3;1083;49;1097;9;1098;3;1104;49;1093.5;90867.828125
1;34400;AMETHYSTS;9996;1;9995;25;;;10004;1;10005;25;;;10000.0;40.0
1;34400;ORCHIDS;1090;8;1089;2;1083;46;1098;8;1099;2;1105;46;1094.0;89784.828125
1;34400;STARFRUIT;5058;26;;;;;5065;26;;;;;5061.5;-125.8671875
1;34500;STARFRUIT;5058;21;;;;;5063;4;5065;21;;;5060.5;-123.46875
1;34500;ORCHIDS;1091;7;1090;3;1084;47;1098;7;1099;3;1105;47;1094.5;88701.734375
1;34500;AMETHYSTS;9995;21;;;;;10005;21;;;;;10000.0;40.0
1;34600;AMETHYSTS;9996;2;9995;20;;;10004;2;10005;20;;;10000.0;40.0
1;34600;ORCHIDS;1089;6;1088;4;1082;44;1096;6;1097;4;1103;44;1092.5;87620.0390625
1;34600;STARFRUIT;5058;22;;;;;5065;22;;;;;5061.5;-127.046875
1;34700;AMETHYSTS;9995;29;;;;;10005;29;;;;;10000.0;40.0
1;34700;STARFRUIT;5057;29;;;;;5064;29;;;;;5060.5;-113.2109375
1;34700;ORCHIDS;1091;7;1090;3;1084;56;1098;7;1099;3;1105;56;1094.5;86536.7421875
1;34800;AMETHYSTS;10002;4;10000;4;9995;27;10005;27;;;;;10003.5;40.0
1;34800;ORCHIDS;1092;5;1091;3;1085;42;1099;5;1100;3;1106;42;1095.5;85451.84375
1;34800;STARFRUIT;5061;3;5060;4;5057;27;5064;27;;;;;5062.5;-108.3515625
1;34900;STARFRUIT;5056;26;;;;;5063;26;;;;;5059.5;-97.765625
1;34900;ORCHIDS;1093;7;1092;3;1086;47;1100;7;1101;3;1107;47;1096.5;84366.34375
1;34900;AMETHYSTS;9995;26;;;;;10002;9;10005;26;;;9998.5;40.0
1;35000;AMETHYSTS;9998;7;9995;24;;;10005;24;;;;;10001.5;40.0
1;35000;ORCHIDS;1093;10;1092;2;1086;44;1100;10;1101;2;1107;44;1096.5;83280.75
1;35000;STARFRUIT;5056;24;;;;;5061;7;5063;24;;;5058.5;-88.4453125
1;35100;AMETHYSTS;9995;20;;;;;10005;20;;;;;10000.0;40.0
1;35100;STARFRUIT;5056;20;;;;;5063;20;;;;;5059.5;-88.1640625
1;35100;ORCHIDS;1094;5;1093;3;1087;41;1101;5;1102;3;1108;41;1097.5;82194.0546875
1;35200;AMETHYSTS;9996;1;9995;20;;;10004;1;10005;20;;;10000.0;40.0
1;35200;ORCHIDS;1093;7;1092;4;1086;38;1100;7;1101;4;1107;38;1096.5;81108.2578125
1;35200;STARFRUIT;5056;20;;;;;5062;1;5063;20;;;5059.0;-83.7421875
1;35300;STARFRUIT;5057;6;5056;31;;;5062;1;5063;30;;;5059.5;-81.9140625
1;35300;ORCHIDS;1092;10;1091;2;1085;60;1099;10;1100;2;1106;60;1095.5;80022.859375
1;35300;AMETHYSTS;9996;1;9995;30;;;10002;1;10004;1;10005;30;9999.0;40.0
1;35400;AMETHYSTS;9995;25;;;;;10002;10;10005;25;;;9998.5;40.0
1;35400;ORCHIDS;1091;7;1090;2;1084;43;1098;7;1099;2;1105;43;1094.5;78938.859375
1;35400;STARFRUIT;5056;25;;;;;5063;25;;;;;5059.5;-81.828125
1;35500;AMETHYSTS;9996;1;9995;20;;;9998;1;10004;1;10005;20;9997.0;40.0
1;35500;STARFRUIT;5055;21;;;;;5062;21;;;;;5058.5;-71.65625
1;35500;ORCHIDS;1090;5;1089;4;1083;38;1098;5;1099;4;1105;38;1094.0;77854.765625
1;35600;AMETHYSTS;9995;20;;;;;10005;20;;;;;10000.0;40.0
1;35600;ORCHIDS;1094;9;1091;8;1090;2;1098;8;1099;2;1105;42;1096.0;76770.0703125
1;35600;STARFRUIT;5056;4;5055;20;;;5062;20;;;;;5059.0;-62.921875
1;35700;STARFRUIT;5054;22;;;;;5059;1;5061;22;;;5056.5;-57.59375
1;35700;ORCHIDS;1092;9;1091;4;1085;48;1099;9;1100;4;1106;48;1095.5;75684.2734375
1;35700;AMETHYSTS;9998;5;9995;22;;;10005;22;;;;;10001.5;40.0
1;35800;AMETHYSTS;9995;26;;;;;10005;26;;;;;10000.0;40.0
1;35800;ORCHIDS;1092;8;1091;4;1085;53;1099;8;1100;4;1106;53;1095.5;74598.375
1;35800;STARFRUIT;5055;26;;;;;5062;26;;;;;5058.5;-62.671875
1;35900;AMETHYSTS;9995;20;;;;;10005;20;;;;;10000.0;40.0
1;35900;STARFRUIT;5054;20;;;;;5059;6;5061;20;;;5056.5;-58.59375
1;35900;ORCHIDS;1096;10;1093;9;1092;5;1100;9;1101;5;1107;40;1098.0;73511.875
1;36000;AMETHYSTS;9995;24;;;;;10005;24;;;;;10000.0;40.0
1;36000;ORCHIDS;1091;9;1090;3;1084;46;1095;8;1098;9;1099;3;1093.0;72426.78125
1;36000;STARFRUIT;5054;24;;;;;5061;24;;;;;5057.5;-57.21875
1;36100;STARFRUIT;5055;1;5054;27;;;5061;28;;;;;5058.0;-58.90625
1;36100;ORCHIDS;1090;8;1089;4;1083;50;1097;8;1098;4;1104;50;1093.5;71343.0859375
1;36100;AMETHYSTS;9996;1;9995;27;;;10004;1;10005;27;;;10000.0;40.0
1;36200;AMETHYSTS;9996;1;9995;29;;;10004;1;10005;29;;;10000.0;40.0
1;36200;ORCHIDS;1090;5;1089;5;1083;51;1097;5;1098;5;1104;51;1093.5;70259.2890625
1;36200;STARFRUIT;5055;1;5054;29;;;5059;2;5061;30;;;5057.0;-57.6953125
1;36300;AMETHYSTS;9996;1;9995;20;;;10004;1;10005;20;;;10000.0;40.0
1;36300;STARFRUIT;5054;21;;;;;5060;1;5061;20;;;5057.0;-43.265625
1;36300;ORCHIDS;1089;5;1088;5;1082;36;1096;5;1097;5;1103;36;1092.5;69175.890625
1;36400;ORCHIDS;1087;6;1086;5;1080;44;1094;6;1095;5;1101;44;1090.5;107114.9921875
1;36400;STARFRUIT;5054;26;;;;;5059;6;5061;26;;;5056.5;-53.9453125
1;36400;AMETHYSTS;9996;1;9995;25;;;10002;9;10004;1;10005;25;9999.0;40.0
1;36500;STARFRUIT;5055;22;;;;;5060;4;5062;22;;;5057.5;-65.328125
1;36500;ORCHIDS;1087;10;1086;2;1080;51;1094;10;1095;2;1101;51;1090.5;106036.9921875
1;36500;AMETHYSTS;9998;5;9996;1;9995;21;10004;1;10005;21;;;10001.0;40.0
1;36600;ORCHIDS;1086;7;1085;5;1079;47;1093;7;1094;5;1100;47;1089.5;104959.8984375
1;36600;STARFRUIT;5056;6;5055;24;;;5062;24;;;;;5059.0;-68.6328125
1;36600;AMETHYSTS;9996;1;9995;23;;;10004;1;10005;23;;;10000.0;40.0
1;36700;AMETHYSTS;9995;27;;;;;10005;27;;;;;10000.0;40.0
1;36700;STARFRUIT;5055;27;;;;;5062;27;;;;;5058.5;-62.828125
1;36700;ORCHIDS;1086;8;1085;5;1079;48;1093;8;1094;5;1100;48;1089.5;103883.203125
1;36800;ORCHIDS;1085;9;1084;2;1078;42;1092;9;1093;2;1099;42;1088.5;102807.40625
1;36800;STARFRUIT;5055;2;5054;21;;;5061;23;;;;;5058.0;-57.265625
1;36800;AMETHYSTS;9996;2;9995;21;;;9998;1;10002;6;10004;2;9997.0;40.0
1;36900;STARFRUIT;5054;25;;;;;5055;1;5059;5;5061;25;5054.5;-51.75
1;36900;ORCHIDS;1083;8;1082;5;1076;48;1090;8;1091;5;1097;48;1086.5;101733.5078125
1;36900;AMETHYSTS;9996;2;9995;23;;;10004;2;10005;23;;;10000.0;40.0
1;37000;ORCHIDS;1084;9;1083;2;1077;56;1091;9;1092;2;1098;56;1087.5;100658.5078125
1;37000;STARFRUIT;5055;4;5054;28;;;5061;28;;;;;5058.0;-57.5
1;37000;AMETHYSTS;9995;28;;;;;10005;28;;;;;10000.0;40.0
1;37100;ORCHIDS;1085;9;1084;2;1078;46;1092;9;1093;2;1099;46;1088.5;99582.4140625
1;37100;AMETHYSTS;9998;6;9996;2;9995;23;10004;2;10005;23;;;10001.0;40.0
1;37100;STARFRUIT;5055;2;5054;23;;;5061;25;;;;;5058.0;-59.140625
1;37200;STARFRUIT;5055;6;5054;24;;;5062;24;;;;;5058.5;-59.4140625
1;37200;AMETHYSTS;9995;24;;;;;10005;24;;;;;10000.0;40.0
1;37200;ORCHIDS;1084;8;1083;2;1077;44;1091;8;1092;2;1098;44;1087.5;98507.21875
1;37300;STARFRUIT;5057;2;5054;29;;;5059;6;5061;29;;;5058.0;-58.46875
1;37300;ORCHIDS;1085;9;1084;3;1078;52;1092;9;1093;3;1099;52;1088.5;97430.421875
1;37300;AMETHYSTS;10000;2;9998;10;9995;29;10005;29;;;;;10002.5;40.0
1;37400;ORCHIDS;1084;10;1083;4;1077;42;1091;10;1092;4;1098;42;1087.5;96354.5234375
1;37400;STARFRUIT;5055;2;5054;20;;;5061;2;5062;20;;;5058.0;-59.4921875
1;37400;AMETHYSTS;9998;8;9996;2;9995;20;10004;2;10005;20;;;10001.0;40.0
1;37500;ORCHIDS;1083;5;1082;5;1076;44;1090;5;1091;5;1097;44;1086.5;95280.0234375
1;37500;AMETHYSTS;9996;2;9995;22;;;10004;2;10005;22;;;10000.0;40.0
1;37500;STARFRUIT;5056;4;5055;24;;;5062;24;;;;;5059.0;-65.40625
1;37600;STARFRUIT;5055;25;;;;;5062;25;;;;;5058.5;-64.375
1;37600;AMETHYSTS;9996;1;9995;24;;;10004;1;10005;24;;;10000.0;40.0
1;37600;ORCHIDS;1084;7;1083;5;1077;50;1091;7;1092;5;1098;50;1087.5;94204.4296875
1;37700;STARFRUIT;5060;1;5055;1;5054;21;5061;22;;;;;5060.5;-57.6640625
1;37700;ORCHIDS;1087;7;1084;10;1083;5;1091;10;1092;5;1098;44;1089.0;93128.234375
1;37700;AMETHYSTS;9996;1;9995;21;;;10004;1;10005;21;;;10000.0;40.0
1;37800;ORCHIDS;1085;8;1084;5;1078;49;1092;8;1093;5;1099;49;1088.5;92050.9375
1;37800;STARFRUIT;5055;26;;;;;5062;26;;;;;5058.5;-74.703125
1;37800;AMETHYSTS;9998;7;9996;1;9995;25;10004;1;10005;25;;;10001.0;40.0
1;37900;ORCHIDS;1085;8;1084;5;1078;55;1092;8;1093;5;1099;55;1088.5;90974.0390625
1;37900;AMETHYSTS;9996;2;9995;27;;;10002;9;10004;2;10005;27;9999.0;40.0
1;37900;STARFRUIT;5055;29;;;;;5056;4;5062;29;;;5055.5;-64.875
1;38000;STARFRUIT;5055;25;;;;;5060;2;5062;25;;;5057.5;-70.578125
1;38000;AMETHYSTS;9996;1;9995;24;;;10004;1;10005;24;;;10000.0;40.0
1;38000;ORCHIDS;1085;5;1084;5;1078;43;1092;5;1093;5;1099;43;1088.5;89897.0390625
1;38100;STARFRUIT;5055;27;;;;;5062;27;;;;;5058.5;-75.1953125
1;38100;ORCHIDS;1085;6;1084;2;1078;53;1092;6;1093;2;1099;53;1088.5;88819.9453125
1;38100;AMETHYSTS;9995;27;;;;;10005;27;;;;;10000.0;40.0
1;38200;ORCHIDS;1084;10;1083;2;1077;55;1091;10;1092;2;1098;55;1087.5;87743.75
1;38200;STARFRUIT;5056;6;5055;30;;;5062;30;;;;;5059.0;-67.5703125
1;38200;AMETHYSTS;9996;1;9995;29;;;10004;1;10005;29;;;10000.0;40.0
1;38300;ORCHIDS;1083;7;1082;2;1076;50;1090;7;1091;2;1097;50;1086.5;86668.453125
1;38300;AMETHYSTS;9998;8;9995;25;;;10005;25;;;;;10001.5;40.0
1;38300;STARFRUIT;5055;25;;;;;5062;25;;;;;5058.5;-69.625
1;38400;STARFRUIT;5055;27;;;;;5061;2;5062;25;;;5058.0;-63.2421875
1;38400;AMETHYSTS;9996;2;9995;25;;;10002;3;10004;2;10005;25;9999.0;40.0
1;38400;ORCHIDS;1083;9;1082;3;1076;48;1090;9;1091;3;1097;48;1086.5;85592.5546875
1;38500;STARFRUIT;5058;6;5055;22;;;5062;22;;;;;5060.0;-61.3671875
1;38500;ORCHIDS;1085;9;1084;3;1078;47;1092;9;1093;3;1099;47;1088.5;84514.5546875
1;38500;AMETHYSTS;10000;6;9995;22;;;10002;10;10005;22;;;10001.0;40.0
1;38600;ORCHIDS;1086;10;1085;5;1079;51;1093;10;1094;5;1100;51;1089.5;83435.4609375
1;38600;STARFRUIT;5055;31;;;;;5062;31;;;;;5058.5;-70.171875
1;38600;AMETHYSTS;9996;2;9995;29;;;10004;2;10005;29;;;10000.0;40.0
1;38700;AMETHYSTS;9996;1;9995;26;;;10004;1;10005;26;;;10000.0;40.0
1;38700;ORCHIDS;1088;7;1087;4;1081;48;1095;7;1096;4;1102;48;1091.5;82354.765625
1;38700;STARFRUIT;5056;27;;;;;5063;27;;;;;5059.5;-84.90625
1;38800;STARFRUIT;5055;21;;;;;5062;21;;;;;5058.5;-76.2421875
1;38800;AMETHYSTS;9995;21;;;;;10005;21;;;;;10000.0;40.0
1;38800;ORCHIDS;1088;8;1087;4;1081;48;1095;8;1096;4;1102;48;1091.5;81273.46875
1;38900;STARFRUIT;5056;2;5055;21;;;5061;4;5062;2;5063;21;5058.5;-79.8125
1;38900;AMETHYSTS;9996;2;9995;21;;;10004;2;10005;21;;;10000.0;40.0
1;38900;ORCHIDS;1088;7;1087;5;1081;44;1095;7;1096;5;1102;44;1091.5;80192.0703125
1;39000;ORCHIDS;1091;7;1088;10;1087;2;1095;10;1096;2;1102;49;1093.0;79110.5703125
1;39000;STARFRUIT;5056;29;;;;;5063;29;;;;;5059.5;-80.7890625
1;39000;AMETHYSTS;9995;29;;;;;10002;2;10005;29;;;9998.5;40.0
1;39100;AMETHYSTS;9996;2;9995;21;;;10002;5;10004;2;10005;21;9999.0;40.0
1;39100;ORCHIDS;1088;6;1087;3;1081;37;1095;6;1096;3;1102;37;1091.5;78028.9765625
1;39100;STARFRUIT;5056;23;;;;;5061;4;5062;2;5063;21;5058.5;-81.5546875
1;39200;STARFRUIT;5056;2;5055;21;;;5062;23;;;;;5059.0;-78.4453125
1;39200;AMETHYSTS;9996;2;9995;21;;;10004;2;10005;21;;;10000.0;40.0
1;39200;ORCHIDS;1090;7;1089;2;1083;42;1097;7;1098;2;1104;42;1093.5;76945.78125
1;39300;STARFRUIT;5057;2;5056;23;;;5062;2;5063;21;;;5059.5;-82.0625
1;39300;AMETHYSTS;9996;2;9995;21;;;10004;2;10005;21;;;10000.0;40.0
1;39300;ORCHIDS;1089;8;1088;5;1082;46;1097;8;1098;5;1104;46;1093.0;75862.484375
1;39400;ORCHIDS;1089;6;1088;4;1082;47;1097;6;1098;4;1104;47;1093.0;74779.0859375
1;39400;STARFRUIT;5056;27;;;;;5063;27;;;;;5059.5;-85.75
1;39400;AMETHYSTS;9996;2;9995;25;;;10004;2;10005;25;;;10000.0;40.0
1;39500;AMETHYSTS;9996;2;9995;23;;;10004;2;10005;23;;;10000.0;40.0
1;39500;ORCHIDS;1089;6;1088;5;1082;42;1097;6;1098;5;1104;42;1093.0;73695.5859375
1;39500;STARFRUIT;5061;1;5056;25;;;5063;25;;;;;5062.0;-86.25
1;39600;STARFRUIT;5056;28;;;;;5063;28;;;;;5059.5;-84.796875
1;39600;AMETHYSTS;9995;28;;;;;10005;28;;;;;10000.0;40.0
1;39600;ORCHIDS;1089;7;1088;4;1082;49;1097;7;1098;4;1104;49;1093.0;72611.9921875
1;39700;STARFRUIT;5056;1;5055;20;;;5062;21;;;;;5059.0;-78.390625
1;39700;AMETHYSTS;9996;1;9995;20;;;10004;1;10005;20;;;10000.0;40.0
1;39700;ORCHIDS;1089;8;1088;3;1082;40;1096;8;1097;3;1103;40;1092.5;71528.796875
1;39800;ORCHIDS;1089;5;1088;5;1082;47;1096;5;1097;5;1103;47;1092.5;70446.0
1;39800;STARFRUIT;5055;28;;;;;5060;1;5062;28;;;5057.5;-68.15625
1;39800;AMETHYSTS;9996;2;9995;26;;;10004;2;10005;26;;;10000.0;40.0
1;39900;AMETHYSTS;9996;1;9995;24;;;10002;3;10004;1;10005;24;9999.0;40.0
1;39900;ORCHIDS;1089;7;1088;3;1082;45;1096;7;1097;3;1103;45;1092.5;69363.1015625
1;39900;STARFRUIT;5056;6;5055;25;;;5061;1;5062;24;;;5058.5;-61.359375
1;40000;STARFRUIT;5055;3;5054;29;;;5061;1;5062;29;;;5058.0;-59.984375
1;40000;AMETHYSTS;9998;3;9996;1;9995;29;10004;1;10005;29;;;10001.0;40.0
1;40000;ORCHIDS;1090;9;1089;3;1083;51;1097;9;1098;3;1104;51;1093.5;68279.1015625
1;40100;STARFRUIT;5055;32;;;;;5061;2;5062;30;;;5058.0;-61.6484375
1;40100;AMETHYSTS;9996;2;9995;30;;;10004;2;10005;30;;;10000.0;40.0
1;40100;ORCHIDS;1091;5;1090;5;1084;54;1098;5;1099;5;1105;54;1094.5;67194.0078125
1;40200;ORCHIDS;1090;9;1089;2;1083;41;1097;9;1098;2;1104;41;1093.5;66109.8125
1;40200;STARFRUIT;5055;22;;;;;5060;6;5062;22;;;5057.5;-68.3515625
1;40200;AMETHYSTS;9996;2;9995;20;;;10004;2;10005;20;;;10000.0;40.0
1;40300;AMETHYSTS;9995;30;;;;;10000;5;10005;30;;;9997.5;40.0
1;40300;ORCHIDS;1089;7;1088;4;1082;47;1096;7;1097;4;1103;47;1092.5;65026.01171875
1;40300;STARFRUIT;5055;30;;;;;5057;2;5058;5;5062;30;5056.0;-70.796875
1;40400;STARFRUIT;5055;22;;;;;5056;8;5060;8;5062;22;5055.5;-72.578125
1;40400;AMETHYSTS;9995;22;;;;;10005;22;;;;;10000.0;40.0
1;40400;ORCHIDS;1090;7;1089;5;1083;48;1097;7;1098;5;1104;48;1093.5;63941.609375
1;40500;STARFRUIT;5054;21;;;;;5061;21;;;;;5057.5;-51.546875
1;40500;AMETHYSTS;9998;6;9996;1;9995;20;10004;1;10005;20;;;10001.0;40.0
1;40500;ORCHIDS;1090;6;1089;3;1083;38;1097;6;1098;3;1104;38;1093.5;62857.109375
1;40600;ORCHIDS;1090;8;1089;2;1083;55;1097;8;1098;2;1104;55;1093.5;102990.3125
1;40600;STARFRUIT;5055;1;5054;27;;;5061;28;;;;;5058.0;-58.765625
1;40600;AMETHYSTS;9996;1;9995;27;;;10004;1;10005;27;;;10000.0;40.0
1;40700;AMETHYSTS;9995;20;;;;;10005;20;;;;;10000.0;40.0
1;40700;ORCHIDS;1088;6;1087;3;1081;43;1095;6;1096;3;1102;43;1091.5;101911.4140625
1;40700;STARFRUIT;5055;20;;;;;5062;20;;;;;5058.5;-69.953125
1;40800;STARFRUIT;5055;24;;;;;5062;24;;;;;5058.5;-67.953125
1;40800;AMETHYSTS;9995;24;;;;;10005;24;;;;;10000.0;40.0
1;40800;ORCHIDS;1089;10;1088;3;1082;44;1096;10;1097;3;1103;44;1092.5;100831.4140625
1;40900;STARFRUIT;5055;1;5054;20;;;5061;1;5062;20;;;5058.0;-60.4765625
1;40900;AMETHYSTS;9996;1;9995;20;;;10004;1;10005;20;;;10000.0;40.0
1;40900;ORCHIDS;1089;8;1088;4;1082;39;1096;8;1097;4;1103;39;1092.5;99751.3203125
1;41000;AMETHYSTS;9995;27;;;;;10005;27;;;;;10000.0;40.0
1;41000;ORCHIDS;1088;8;1087;5;1081;45;1095;8;1096;5;1102;45;1091.5;98671.625
1;41000;STARFRUIT;5056;5;5055;27;;;5062;27;;;;;5059.0;-67.3046875
1;41100;ORCHIDS;1088;5;1087;5;1081;43;1095;5;1096;5;1102;43;1091.5;97592.328125
1;41100;STARFRUIT;5055;2;5054;21;;;5061;2;5062;21;;;5058.0;-59.78125
1;41100;AMETHYSTS;9996;2;9995;21;;;10002;6;10004;2;10005;21;9999.0;40.0
1;41200;STARFRUIT;5055;26;;;;;5062;27;;;;;5058.5;-69.46875
1;41200;AMETHYSTS;10002;1;9996;1;9995;26;10004;1;10005;26;;;10003.0;40.0
1;41200;ORCHIDS;1088;7;1087;2;1081;46;1095;7;1096;2;1102;46;1091.5;96512.4296875
1;41300;STARFRUIT;5055;1;5054;27;;;5056;4;5060;8;5061;1;5055.5;-60.1640625
1;41300;AMETHYSTS;9996;1;9995;27;;;10004;1;10005;27;;;10000.0;40.0
1;41300;ORCHIDS;1088;9;1087;3;1081;54;1095;9;1096;3;1102;54;1091.5;95432.9296875
1;41400;ORCHIDS;1087;5;1086;3;1080;47;1094;5;1095;3;1101;47;1090.5;94353.8359375
1;41400;AMETHYSTS;9996;2;9995;26;;;9998;3;10004;2;10005;26;9997.0;40.0
1;41400;STARFRUIT;5054;28;;;;;5061;28;;;;;5057.5;-50.5625
1;41500;ORCHIDS;1088;9;1087;2;1081;47;1095;9;1096;2;1102;47;1091.5;93274.140625
1;41500;STARFRUIT;5055;4;5054;20;;;5061;20;;;;;5058.0;-43.453125
1;41500;AMETHYSTS;9995;20;;;;;10002;2;10005;20;;;9998.5;40.0
1;41600;STARFRUIT;5053;31;;;;;5060;31;;;;;5056.5;-33.015625
1;41600;ORCHIDS;1088;5;1087;2;1081;49;1095;5;1096;2;1102;49;1091.5;92194.34375
1;41600;AMETHYSTS;9996;2;9995;29;;;10004;2;10005;29;;;10000.0;40.0
1;41700;STARFRUIT;5053;23;;;;;5060;23;;;;;5056.5;-30.078125
1;41700;AMETHYSTS;9996;1;9995;22;;;10004;1;10005;22;;;10000.0;40.0
1;41700;ORCHIDS;1086;9;1085;2;1079;49;1093;9;1094;2;1100;49;1089.5;91115.9453125
1;41800;ORCHIDS;1087;9;1086;4;1080;51;1094;9;1095;4;1101;51;1090.5;90036.4453125
1;41800;AMETHYSTS;9996;2;9995;22;;;9998;1;10002;7;10004;2;9997.0;40.0
1;41800;STARFRUIT;5054;2;5053;22;;;5059;6;5060;2;5061;22;5056.5;-40.5
1;41900;ORCHIDS;1086;5;1085;3;1079;39;1093;5;1094;3;1100;39;1089.5;88958.3515625
1;41900;STARFRUIT;5055;8;5054;26;;;5061;26;;;;;5058.0;-52.5625
1;41900;AMETHYSTS;9996;2;9995;24;;;10004;2;10005;24;;;10000.0;40.0
1;42000;STARFRUIT;5055;29;;;;;5062;29;;;;;5058.5;-64.9296875
1;42000;ORCHIDS;1086;8;1085;3;1079;50;1093;8;1094;3;1100;50;1089.5;87880.15625
1;42000;AMETHYSTS;9996;1;9995;28;;;10004;1;10005;28;;;10000.0;40.0
1;42100;STARFRUIT;5056;25;;;;;5063;25;;;;;5059.5;-84.671875
1;42100;AMETHYSTS;9996;2;9995;23;;;10004;2;10005;23;;;10000.0;40.0
1;42100;ORCHIDS;1086;9;1085;5;1079;45;1093;9;1094;5;1100;45;1089.5;86801.859375
1;42200;ORCHIDS;1085;5;1084;3;1078;40;1093;5;1094;3;1100;40;1089.0;85723.4609375
1;42200;AMETHYSTS;9996;1;9995;20;;;10004;1;10005;20;;;10000.0;40.0
1;42200;STARFRUIT;5056;21;;;;;5061;3;5062;1;5063;20;5058.5;-83.1875
1;42300;ORCHIDS;1085;6;1084;4;1078;43;1093;6;1094;4;1100;43;1089.0;84644.9609375
1;42300;STARFRUIT;5060;3;5055;21;;;5062;21;;;;;5061.0;-78.4765625
1;42300;AMETHYSTS;9995;21;;;;;10005;21;;;;;10000.0;40.0
1;42400;STARFRUIT;5055;30;;;;;5062;30;;;;;5058.5;-72.6875
1;42400;ORCHIDS;1087;8;1086;4;1080;55;1094;8;1095;4;1101;55;1090.5;83565.3671875
1;42400;AMETHYSTS;9996;1;9995;29;;;10004;1;10005;29;;;10000.0;40.0
1;42500;STARFRUIT;5058;3;5055;30;;;5062;30;;;;;5060.0;-69.890625
1;42500;AMETHYSTS;10000;3;9996;2;9995;28;10002;10;10004;2;10005;28;10001.0;40.0
1;42500;ORCHIDS;1087;5;1086;3;1080;50;1094;5;1095;3;1101;50;1090.5;82485.171875
1;42600;ORCHIDS;1087;7;1086;4;1080;50;1094;7;1095;4;1101;50;1090.5;81404.875
1;42600;AMETHYSTS;9996;2;9995;27;;;10004;2;10005;27;;;10000.0;40.0
1;42600;STARFRUIT;5055;29;;;;;5060;8;5061;2;5062;27;5057.5;-64.140625
1;42700;ORCHIDS;1085;7;1084;2;1078;47;1092;7;1093;2;1099;47;1088.5;80326.4765625
1;42700;STARFRUIT;5055;1;5054;25;;;5061;26;;;;;5058.0;-56.140625
1;42700;AMETHYSTS;9998;3;9996;1;9995;25;10004;1;10005;25;;;10001.0;40.0
1;42800;STARFRUIT;5055;1;5054;24;;;5061;2;5062;24;;;5058.0;-60.125
1;42800;ORCHIDS;1086;5;1085;5;1079;41;1093;5;1094;5;1100;41;1089.5;79247.4765625
1;42800;AMETHYSTS;9996;2;9995;24;;;10004;2;10005;24;;;10000.0;40.0
1;42900;STARFRUIT;5054;25;;;;;5060;2;5061;23;;;5057.0;-43.4453125
1;42900;AMETHYSTS;9996;2;9995;23;;;10002;3;10004;2;10005;23;9999.0;40.0
1;42900;ORCHIDS;1087;5;1086;2;1080;48;1094;5;1095;2;1101;48;1090.5;78166.8828125
1;43000;ORCHIDS;1089;5;1088;2;1082;54;1096;5;1097;2;1103;54;1092.5;77084.6875
1;43000;AMETHYSTS;9996;1;9995;29;;;10004;1;10005;29;;;10000.0;40.0
1;43000;STARFRUIT;5054;30;;;;;5061;30;;;;;5057.5;-50.6875
1;43100;STARFRUIT;5054;22;;;;;5059;5;5061;22;;;5056.5;-46.96875
1;43100;ORCHIDS;1087;7;1086;4;1080;41;1094;7;1095;4;1101;41;1090.5;76003.890625
1;43100;AMETHYSTS;9998;5;9995;22;;;10005;22;;;;;10001.5;40.0
1;43200;AMETHYSTS;9995;25;;;;;10002;1;10005;25;;;9998.5;40.0
1;43200;ORCHIDS;1087;5;1086;3;1080;49;1094;5;1095;3;1101;49;1090.5;74923.4921875
1;43200;STARFRUIT;5053;25;;;;;5055;2;5061;25;;;5054.0;-40.0703125
1;43300;AMETHYSTS;9995;27;;;;;10005;27;;;;;10000.0;40.0
1;43300;STARFRUIT;5053;27;;;;;5061;27;;;;;5057.0;-40.1875
1;43300;ORCHIDS;1088;5;1087;5;1081;46;1095;5;1096;5;1102;46;1091.5;73841.9921875
1;43400;AMETHYSTS;9998;9;9995;27;;;10005;27;;;;;10001.5;40.0
1;43400;ORCHIDS;1090;7;1087;6;1086;4;1094;6;1095;4;1101;44;1092.0;72761.3984375
1;43400;STARFRUIT;5054;27;;;;;5059;4;5061;27;;;5056.5;-42.1875
1;43500;STARFRUIT;5054;24;;;;;5059;3;5061;24;;;5056.5;-53.1328125
1;43500;ORCHIDS;1085;10;1084;2;1078;47;1092;10;1093;2;1099;47;1088.5;71682.203125
1;43500;AMETHYSTS;9996;1;9995;23;;;10004;1;10005;23;;;10000.0;40.0
1;43600;AMETHYSTS;9996;1;9995;27;;;10004;1;10005;27;;;10000.0;40.0
1;43600;ORCHIDS;1087;9;1086;2;1080;52;1094;9;1095;2;1101;52;1090.5;70601.40625
1;43600;STARFRUIT;5054;28;;;;;5059;6;5061;28;;;5056.5;-44.6171875
1;43700;AMETHYSTS;10002;1;9996;2;9995;26;10004;2;10005;26;;;10003.0;40.0
1;43700;STARFRUIT;5054;2;5053;26;;;5056;5;5060;28;;;5055.0;-37.875
1;43700;ORCHIDS;1088;5;1087;2;1081;46;1095;5;1096;2;1102;46;1091.5;69519.0078125
1;43800;AMETHYSTS;9996;2;9995;30;;;10004;2;10005;30;;;10000.0;40.0
1;43800;ORCHIDS;1089;8;1088;4;1082;49;1096;8;1097;4;1103;49;1092.5;68435.5078125
1;43800;STARFRUIT;5053;32;;;;;5060;32;;;;;5056.5;-29.65625
1;43900;STARFRUIT;5052;26;;;;;5059;26;;;;;5055.5;-19.0234375
1;43900;ORCHIDS;1087;8;1086;2;1080;47;1094;8;1095;2;1101;47;1090.5;67353.9140625
1;43900;AMETHYSTS;9995;26;;;;;10002;10;10005;26;;;9998.5;40.0
1;44000;AMETHYSTS;9996;1;9995;22;;;10004;1;10005;22;;;10000.0;40.0
1;44000;ORCHIDS;1087;5;1086;3;1080;39;1095;5;1096;3;1102;39;1091.0;66271.71875
1;44000;STARFRUIT;5053;23;;;;;5059;1;5060;22;;;5056.0;-24.3046875
1;44100;AMETHYSTS;9996;2;9995;28;;;10004;2;10005;28;;;10000.0;40.0
1;44100;STARFRUIT;5053;30;;;;;5060;30;;;;;5056.5;-31.5703125
1;44100;ORCHIDS;1087;10;1086;4;1080;58;1094;10;1095;4;1101;58;1090.5;107366.8203125
1;44200;AMETHYSTS;9998;7;9995;22;;;10005;22;;;;;10001.5;40.0
1;44200;ORCHIDS;1087;5;1086;3;1080;40;1094;5;1095;3;1101;40;1090.5;106289.3203125
1;44200;STARFRUIT;5054;4;5053;22;;;5060;22;;;;;5057.0;-32.1015625
1;44300;STARFRUIT;5056;2;5053;27;;;5060;27;;;;;5058.0;-32.796875
1;44300;ORCHIDS;1085;9;1084;2;1078;47;1092;9;1093;2;1099;47;1088.5;105213.7265625
1;44300;AMETHYSTS;10000;2;9996;2;9995;25;10004;2;10005;25;;;10002.0;40.0
1;44400;AMETHYSTS;9998;2;9995;27;;;10005;27;;;;;10001.5;40.0
1;44400;ORCHIDS;1084;8;1083;2;1077;51;1091;8;1092;2;1098;51;1087.5;104138.53125
1;44400;STARFRUIT;5053;27;;;;;5060;27;;;;;5056.5;-29.5390625
1;44500;AMETHYSTS;9996;1;9995;30;;;10004;1;10005;30;;;10000.0;40.0
1;44500;STARFRUIT;5053;31;;;;;5060;31;;;;;5056.5;-33.859375
1;44500;ORCHIDS;1083;6;1082;5;1076;50;1090;6;1091;5;1097;50;1086.5;103064.734375
1;44600;AMETHYSTS;9995;26;;;;;10005;26;;;;;10000.0;40.0
1;44600;ORCHIDS;1084;5;1083;2;1077;46;1091;5;1092;2;1098;46;1087.5;101989.3359375
1;44600;STARFRUIT;5054;26;;;;;5061;26;;;;;5057.5;-42.4375
1;44700;STARFRUIT;5054;28;;;;;5059;5;5061;28;;;5056.5;-50.3125
1;44700;ORCHIDS;1084;7;1083;5;1077;49;1091;7;1092;5;1098;49;1087.5;100913.8359375
1;44700;AMETHYSTS;9995;28;;;;;10005;28;;;;;10000.0;40.0
1;44800;AMETHYSTS;9996;1;9995;21;;;10004;1;10005;21;;;10000.0;40.0
1;44800;ORCHIDS;1084;7;1083;2;1077;45;1091;7;1092;2;1098;45;1087.5;99838.2421875
1;44800;STARFRUIT;5054;22;;;;;5059;4;5061;22;;;5056.5;-52.3515625
1;44900;AMETHYSTS;9998;4;9995;24;;;10005;24;;;;;10001.5;40.0
1;44900;STARFRUIT;5054;24;;;;;5059;3;5061;24;;;5056.5;-44.296875
1;44900;ORCHIDS;1083;10;1082;4;1076;46;1090;10;1091;4;1097;46;1086.5;98763.546875
1;45000;AMETHYSTS;9996;1;9995;21;;;10004;1;10005;21;;;10000.0;40.0
1;45000;ORCHIDS;1084;8;1083;4;1077;42;1091;8;1092;4;1098;42;1087.5;97687.75
1;45000;STARFRUIT;5054;22;;;;;5055;1;5061;22;;;5054.5;-50.921875
1;45100;STARFRUIT;5054;1;5053;22;;;5060;23;;;;;5057.0;-37.0703125
1;45100;ORCHIDS;1085;6;1084;2;1078;43;1092;6;1093;2;1099;43;1088.5;96610.8515625
1;45100;AMETHYSTS;9996;1;9995;22;;;10004;1;10005;22;;;10000.0;40.0
1;45200;AMETHYSTS;9995;29;;;;;10005;29;;;;;10000.0;40.0
1;45200;ORCHIDS;1085;6;1084;3;1078;46;1092;6;1093;3;1099;46;1088.5;95534.3515625
1;45200;STARFRUIT;5053;29;;;;;5061;29;;;;;5057.0;-39.4140625
1;45300;AMETHYSTS;9996;1;9995;28;;;10004;1;10005;28;;;10000.0;40.0
1;45300;STARFRUIT;5054;1;5053;28;;;5060;29;;;;;5057.0;-38.734375
1;45300;ORCHIDS;1086;10;1085;2;1079;58;1093;10;1094;2;1100;58;1089.5;94456.7578125
1;45400;ORCHIDS;1086;5;1085;3;1079;43;1093;5;1094;3;1100;43;1089.5;93378.5625
1;45400;STARFRUIT;5054;24;;;;;5061;24;;;;;5057.5;-50.234375
1;45400;AMETHYSTS;9996;2;9995;22;;;9998;6;10002;5;10004;2;9997.0;40.0
1;45500;STARFRUIT;5054;30;;;;;5060;2;5061;28;;;5057.0;-42.53125
1;45500;ORCHIDS;1085;9;1084;2;1078;57;1092;9;1093;2;1099;57;1088.5;92301.265625
1;45500;AMETHYSTS;9996;2;9995;28;;;9998;1;10004;2;10005;28;9997.0;40.0
1;45600;ORCHIDS;1083;9;1082;4;1076;53;1090;9;1091;4;1097;53;1086.5;91226.3671875
1;45600;STARFRUIT;5053;25;;;;;5060;1;5061;25;;;5056.5;-39.734375
1;45600;AMETHYSTS;9996;1;9995;25;;;10004;1;10005;25;;;10000.0;40.0
1;45700;AMETHYSTS;9998;9;9996;1;9995;28;10004;1;10005;28;;;10001.0;40.0
1;45700;STARFRUIT;5054;29;;;;;5061;29;;;;;5057.5;-47.15625
1;45700;ORCHIDS;1084;5;1083;3;1077;50;1091;5;1092;3;1098;50;1087.5;90150.3671875
1;45800;STARFRUIT;5054;25;;;;;5061;25;;;;;5057.5;-51.1015625
1;45800;AMETHYSTS;9996;2;9995;23;;;10004;2;10005;23;;;10000.0;40.0
1;45800;ORCHIDS;1084;9;1083;5;1077;42;1091;9;1092;5;1098;42;1087.5;89074.2734375
1;45900;STARFRUIT;5054;26;;;;;5059;2;5061;26;;;5056.5;-51.515625
1;45900;ORCHIDS;1085;10;1084;5;1078;55;1092;10;1093;5;1099;55;1088.5;87997.078125
1;45900;AMETHYSTS;9998;2;9995;26;;;10005;26;;;;;10001.5;40.0
1;46000;ORCHIDS;1083;6;1082;2;1076;46;1090;6;1091;2;1097;46;1086.5;86921.28125
1;46000;STARFRUIT;5054;30;;;;;5061;30;;;;;5057.5;-48.984375
1;46000;AMETHYSTS;9996;1;9995;29;;;10004;1;10005;29;;;10000.0;40.0
1;46100;ORCHIDS;1083;5;1082;2;1076;41;1090;5;1091;2;1097;41;1086.5;85845.3828125
1;46100;AMETHYSTS;9998;5;9996;1;9995;25;10004;1;10005;25;;;10001.0;40.0
1;46100;STARFRUIT;5054;26;;;;;5060;1;5061;25;;;5057.0;-42.765625
1;46200;STARFRUIT;5054;1;5053;20;;;5060;21;;;;;5057.0;-37.515625
1;46200;AMETHYSTS;9998;7;9996;1;9995;20;10004;1;10005;20;;;10001.0;40.0
1;46200;ORCHIDS;1082;8;1081;5;1075;39;1089;8;1090;5;1096;39;1085.5;84770.8828125
1;46300;STARFRUIT;5054;28;;;;;5060;1;5061;27;;;5057.0;-42.234375
1;46300;ORCHIDS;1083;7;1082;3;1076;45;1090;7;1091;3;1097;45;1086.5;83695.2890625
1;46300;AMETHYSTS;9996;1;9995;27;;;10004;1;10005;27;;;10000.0;40.0
1;46400;ORCHIDS;1081;7;1080;4;1074;42;1088;7;1089;4;1095;42;1084.5;82621.59375
1;46400;STARFRUIT;5054;24;;;;;5060;1;5061;23;;;5057.0;-41.359375
1;46400;AMETHYSTS;9996;1;9995;23;;;10002;4;10004;1;10005;23;9999.0;40.0
1;46500;ORCHIDS;1083;8;1080;5;1079;4;1087;5;1088;4;1094;44;1085.0;81548.296875
1;46500;AMETHYSTS;9996;1;9995;20;;;10004;1;10005;20;;;10000.0;40.0
1;46500;STARFRUIT;5054;21;;;;;5059;5;5061;21;;;5056.5;-47.265625
1;46600;STARFRUIT;5054;23;;;;;5059;8;5061;23;;;5056.5;-51.6328125
1;46600;AMETHYSTS;9996;2;9995;21;;;10004;2;10005;21;;;10000.0;40.0
1;46600;ORCHIDS;1081;9;1080;5;1074;46;1083;3;1088;9;1089;5;1082.0;80473.8984375
1;46700;STARFRUIT;5055;29;;;;;5061;2;5062;27;;;5058.0;-62.8125
1;46700;ORCHIDS;1081;10;1080;3;1074;48;1089;10;1090;3;1096;48;1085.0;79398.8984375
1;46700;AMETHYSTS;10002;2;9996;2;9995;27;10004;2;10005;27;;;10003.0;40.0
1;46800;ORCHIDS;1081;9;1080;3;1074;53;1089;9;1090;3;1096;53;1085.0;78323.8046875
1;46800;STARFRUIT;5056;2;5055;30;;;5061;2;5062;28;;;5058.5;-61.90625
1;46800;AMETHYSTS;9996;2;9995;28;;;10002;7;10004;2;10005;28;9999.0;40.0
1;46900;ORCHIDS;1081;9;1080;5;1074;45;1089;9;1090;5;1096;45;1085.0;77248.609375
1;46900;AMETHYSTS;9998;10;9996;1;9995;24;10004;1;10005;24;;;10001.0;40.0
1;46900;STARFRUIT;5054;25;;;;;5061;25;;;;;5057.5;-45.71875
1;47000;STARFRUIT;5057;3;5054;27;;;5059;3;5061;27;;;5058.0;-46.09375
1;47000;AMETHYSTS;10000;3;9996;1;9995;26;10004;1;10005;26;;;10002.0;40.0
1;47000;ORCHIDS;1081;10;1080;2;1074;50;1089;10;1090;2;1096;50;1085.0;76173.3125
1;47100;STARFRUIT;5054;1;5053;28;;;5060;28;;;;;5057.0;-38.9453125
1;47100;ORCHIDS;1081;8;1080;5;1074;47;1088;8;1089;5;1095;47;1084.5;75098.4140625
1;47100;AMETHYSTS;9998;7;9995;28;;;10005;28;;;;;10001.5;40.0
1;47200;ORCHIDS;1081;9;1080;4;1074;45;1088;9;1089;4;1095;45;1084.5;74023.4140625
1;47200;STARFRUIT;5053;25;;;;;5054;8;5060;25;;;5053.5;-32.5703125
1;47200;AMETHYSTS;9998;8;9996;2;9995;23;10004;2;10005;23;;;10001.0;40.0
1;47300;ORCHIDS;1081;7;1080;4;1074;51;1088;7;1089;4;1095;51;1084.5;72948.3203125
1;47300;AMETHYSTS;9996;1;9995;29;;;10004;1;10005;29;;;10000.0;40.0
1;47300;STARFRUIT;5054;30;;;;;5061;30;;;;;5057.5;-47.0
1;47400;STARFRUIT;5054;28;;;;;5059;2;5061;28;;;5056.5;-43.40625
1;47400;AMETHYSTS;9995;28;;;;;9998;1;10005;28;;;9996.5;40.0
1;47400;ORCHIDS;1080;5;1079;5;1073;51;1087;5;1088;5;1094;51;1083.5;71874.625
1;47500;STARFRUIT;5054;23;;;;;5061;23;;;;;5057.5;-47.1875
1;47500;AMETHYSTS;9996;2;9995;21;;;10004;2;10005;21;;;10000.0;40.0
1;47500;ORCHIDS;1079;9;1078;4;1072;41;1086;9;1087;4;1093;41;1082.5;70801.328125
1;47600;ORCHIDS;1078;9;1077;5;1071;50;1085;9;1086;5;1092;50;1081.5;69728.9296875
1;47600;STARFRUIT;5054;29;;;;;5062;29;;;;;5058.0;-60.375
1;47600;AMETHYSTS;9995;29;;;;;10005;29;;;;;10000.0;40.0
1;47700;AMETHYSTS;9996;2;9995;23;;;10004;2;10005;23;;;10000.0;40.0
1;47700;ORCHIDS;1078;10;1077;2;1071;47;1085;10;1086;2;1092;47;1081.5;68656.4296875
1;47700;STARFRUIT;5056;2;5055;23;;;5062;25;;;;;5059.0;-75.96875
